,dividends,original_filing_date,period_end_date,period_end_price,shares_eop,cogs,da_income_statement_supplemental,eps_basic,eps_diluted,gross_profit,income_allocated_to_minority_interest,income_tax,interest_expense,interest_income,net_income,net_income_available_to_shareholders,net_income_continuing,net_income_discontinued,net_interest_income_normal,operating_income,other_income_statement_items,other_nonoperating_income,other_opex,preferred_dividends,pretax_income,revenue,rnd,sga,shares_basic,shares_diluted,special_charges,total_opex,fiscal_year_key,fiscal_year_number
0,0.0,2002-05-14,2002-01,0.548,17937407000,850233000,43497000,0.01,0.0,519238000,0,-75825000,0,0,176924000,176924000,176924000,0,0,251762000,0.0,987000,16371000,0,252749000,1369471000,153920000,97185000,17153223000,20518621000,0,267476000,FY2002,2002
1,0.0,2003-04-25,2003-01,0.086,18925340000,1333435000,58216000,0.0,0.0,576012000,0,-59758000,0,0,90799000,90799000,90799000,0,0,143986000,0.0,6571000,0,0,150557000,1909447000,224873000,207153000,18412354000,20197061000,0,432026000,FY2003,2003
2,0.0,2004-03-29,2004-01,0.185,19687651000,1294067000,82688000,0.0,0.0,528878000,0,-12254000,0,0,74419000,74419000,74419000,0,0,93657000,0.0,-6984000,0,0,86673000,1822945000,269972000,165249000,19301229000,20714483000,0,435221000,FY2004,2004
3,0.0,2005-03-22,2005-01,0.191,20040725000,1362478000,102597000,0.0,0.0,647555000,0,-18413000,0,0,88615000,88615000,88615000,0,0,95176000,0.0,11852000,0,0,107028000,2010033000,348220000,204159000,19917481000,21086897000,0,552379000,FY2005,2005
4,0.0,2006-03-16,2006-01,0.375,20567011000,1465654000,97977000,0.01,0.01,910033000,0,-55612000,0,0,301176000,301176000,301176000,0,0,336664000,0.0,20124000,14158000,0,356788000,2375687000,357123000,202088000,20352624000,21931274000,0,573369000,FY2006,2006
5,0.0,2007-03-16,2007-01,0.511,21648486000,1768322000,107562000,0.02,0.01,1300449000,0,-46350000,0,0,448834000,448834000,448130000,0,0,453452000,704000.00000001,41028000,0,0,494480000,3068771000,553467000,293530000,21133673000,23478501000,0,846997000,FY2007,2007
6,0.0,-,2008-01,0.615,22284104000,2228580000,133192000,0.03,0.03,1869280000,0,-103696000,0,0,797645000,797645000,797645000,0,0,836346000,0.0,64995000,0,0,901341000,4097860000,691637000,341297000,22004320000,24269280000,0,1032934000,FY2008,2008
7,0.0,2009-03-13,2009-01,0.199,21698142000,2250590000,185023000,0.0,0.0,1174269000,0,12913000,-406000,42859000,-30041000,-30041000,-30041000,0,42453000,-43832000,0.0,-41575000,0,0,-42954000,3424859000,855879000,362222000,21925040000,21925040000,0,1218101000,FY2009,2009
8,0.0,2010-03-18,2010-01,0.385,22458634000,2149522000,196664000,0.0,0.0,1176923000,0,14307000,-3320000,23115000,-67987000,-67987000,-67987000,0,19795000,-98945000,0.0,-3144000,0,0,-82294000,3326445000,908851000,367017000,21982960000,21982960000,0,1275868000,FY2010,2010
9,0.0,2011-03-16,2011-01,0.598,23542228000,2134219000,187000000,0.01,0.01,1409090000,0,-18023000,-3127000,19057000,253146000,253146000,253146000,0,15930000,198747000,0.0,56492000,0,0,271169000,3543309000,848830000,361513000,23007080000,23547360000,0,1210343000,FY2011,2011
10,0.0,2012-03-13,2012-01,0.369,24487656000,1941413000,204200000,0.02,0.02,2056517000,0,-82306000,-3089000,19149000,581090000,581090000,581090000,0,16060000,648299000,0.0,-963000,0,0,663396000,3997930000,1002605000,405613000,24145840000,24654840000,0,1408218000,FY2012,2012
11,0.002,2013-03-12,2013-01,0.307,24670245000,2053816000,226000000,0.02,0.02,2226343000,0,-99503000,-3294000,19908000,562536000,562536000,562536000,0,16614000,648239000,0.0,-2814000,0,0,662039000,4280159000,1147282000,430822000,24772960000,24998280000,0,1578104000,FY2013,2013
12,0.008,2014-03-13,2014-01,0.393,22719869000,1862000000,237000000,0.01,0.01,2268000000,0,-70000000,-10000000,17000000,440000000,440000000,440000000,0,7000000,496000000,0.0,7000000,0,0,510000000,4130000000,1336000000,436000000,23520000000,23800000000,0,1772000000,FY2014,2014
13,0.009,2015-03-12,2015-01,0.48,21796520000,2083000000,220000000,0.02,0.02,2599000000,0,-124000000,-46000000,28000000,631000000,631000000,631000000,0,-18000000,759000000,0.0,14000000,0,0,755000000,4682000000,1360000000,480000000,22080000000,22520000000,0,1840000000,FY2015,2015
14,0.01,2016-03-17,2016-01,0.732,21520000000,2199000000,197000000,0.02,0.02,2811000000,0,-129000000,-47000000,39000000,614000000,614000000,614000000,0,-8000000,878000000,0.0,-127000000,0,0,743000000,5010000000,1331000000,602000000,21720000000,22760000000,0,1933000000,FY2016,2016
15,0.012,2017-03-01,2017-01,2.73,23400000000,2847000000,186000000,0.07,0.06,4063000000,0,-239000000,-58000000,54000000,1666000000,1666000000,1666000000,0,-4000000,1937000000,0.0,-28000000,0,0,1905000000,6910000000,1463000000,663000000,21640000000,25960000000,0,2126000000,FY2017,2017
16,0.014,2018-02-28,2018-01,6.145,24240000000,3892000000,199000000,0.12,0.12,5822000000,0,-149000000,-61000000,69000000,3047000000,3047000000,3047000000,0,8000000,3210000000,0.0,-22000000,0,0,3196000000,9714000000,1797000000,815000000,23960000000,25280000000,0,2612000000,FY2018,2018
17,0.015,2019-02-21,2019-01,3.594,24240000000,4545000000,262000000,0.17,0.16,7171000000,0,245000000,-58000000,136000000,4141000000,4141000000,4141000000,0,78000000,3804000000,0.0,14000000,0,0,3896000000,11716000000,2376000000,991000000,24320000000,25000000000,0,3367000000,FY2019,2019
18,0.016,2020-02-20,2020-01,5.911,24499423000,4150000000,380000000,0.11,0.11,6768000000,0,-174000000,-52000000,178000000,2796000000,2796000000,2796000000,0,126000000,2846000000,0.0,-2000000,0,0,2970000000,10918000000,2829000000,1093000000,24390000000,24720000000,0,3922000000,FY2020,2020
19,0.016,2021-02-26,2021-01,12.99,24800000000,6279000000,1098000000,0.17,0.17,10396000000,0,-77000000,-184000000,57000000,4332000000,4332000000,4332000000,0,-127000000,4532000000,0.0,4000000,0,0,4409000000,16675000000,3924000000,1940000000,24670000000,25100000000,0,5864000000,FY2021,2021
20,0.016,2022-03-18,2022-01,24.486,25060000000,9439000000,1174000000,0.39,0.38,17475000000,0,-189000000,-236000000,29000000,9752000000,9752000000,9752000000,0,-207000000,10041000000,0.0,107000000,0,0,9941000000,26914000000,5268000000,2166000000,24960000000,25350000000,0,7434000000,FY2022,2022
21,0.016,2023-02-24,2023-01,19.537,24661366000,11618000000,1543000000,0.18,0.17,15356000000,0,187000000,-262000000,267000000,4368000000,4368000000,4368000000,0,5000000,5577000000,0.0,-1401000000,0,0,4181000000,26974000000,7339000000,2440000000,24870000000,25070000000,0,9779000000,FY2023,2023
22,0.016,2024-02-21,2024-01,61.527,24640000000,16621000000,1508000000,1.21,1.19,44301000000,0,-4058000000,-257000000,866000000,29760000000,29760000000,29760000000,0,609000000,32972000000,0.0,237000000,0,0,33818000000,60922000000,8675000000,2654000000,24690000000,24940000000,0,11329000000,FY2024,2024
23,0.034,2025-02-26,2025-01,120.07,24477000000,32639000000,1864000000,2.97,2.94,97858000000,0,-11146000000,-247000000,1786000000,72880000000,72880000000,72880000000,0,1539000000,81453000000,0.0,1034000000,0,0,84026000000,130497000000,12914000000,3491000000,24555000000,24804000000,0,16405000000,FY2025,2025
