,dividends,original_filing_date,period_end_date,period_end_price,shares_eop,cogs,da_income_statement_supplemental,eps_basic,eps_diluted,gross_profit,income_allocated_to_minority_interest,income_tax,interest_expense,interest_income,net_income,net_income_available_to_shareholders,net_income_continuing,net_income_discontinued,net_interest_income_normal,operating_income,other_income_statement_items,other_nonoperating_income,other_opex,preferred_dividends,pretax_income,revenue,rnd,sga,shares_basic,shares_diluted,special_charges,total_opex,fiscal_quarter_key,fiscal_quarter_number
0,0.0,2002-01-14,2001-11,27.16,599900000,636500000,297600000,-0.44,-0.44,-212600000,0,177200000,0,0,-265900000,-265900000,-265900000,0,0,-452000000,0,8900000,0,0,-443100000,423900000,154500000,84900000,599200000,599200000,0,239400000,FY2002.FQ1,1
1,0.0,2002-04-11,2002-02,32.15,601100000,502900000,290900000,-0.05,-0.05,143000000,0,20300000,0,0,-30400000,-30400000,-30400000,0,0,-59000000,0,8300000,-13200000,0,-50700000,645900000,135900000,79300000,600500000,600500000,0,202000000,FY2002.FQ2,2
2,0.0,2002-06-28,2002-05,23.58,602100000,603000000,293400000,-0.04,-0.04,168200000,0,16100000,0,0,-24200000,-24200000,-24200000,0,0,-46700000,0,6400000,3300000,0,-40300000,771200000,134400000,77200000,602300000,602300000,0,214900000,FY2002.FQ3,3
3,0.0,2002-10-15,2002-08,17.25,602900000,957200000,295500000,-0.98,-0.98,-209200000,0,-122100000,0,0,-586500000,-586500000,-586500000,0,0,-467600000,0,3200000,26000000,0,-464400000,748000000,136500000,95900000,603900000,603900000,0,258400000,FY2002.FQ4,4
4,0.0,2003-01-13,2002-11,15.81,606500000,722400000,299900000,-0.52,-0.52,-37300000,0,-21400000,0,0,-315900000,-315900000,-315900000,0,0,-296600000,0,2100000,0,0,-294500000,685100000,154500000,104800000,605200000,605200000,0,259300000,FY2003.FQ1,1
5,0.0,2003-04-14,2003-02,8.01,607600000,1008900000,310200000,-1.02,-1.02,-223900000,0,-17600000,0,0,-619200000,-619200000,-619200000,0,0,-600600000,0,-1000000,110200000,0,-601600000,785000000,174100000,92400000,607200000,607200000,0,376700000,FY2003.FQ2,2
6,0.0,2003-07-11,2003-05,11.32,608700000,661700000,301000000,-0.36,-0.36,71000000,0,-23900000,0,0,-214900000,-214900000,-214900000,0,0,-189100000,0,-1900000,11200000,0,-191000000,732700000,161700000,87200000,608300000,608300000,0,260100000,FY2003.FQ3,3
7,0.0,2003-10-15,2003-08,14.36,609900000,719000000,298800000,-0.21,-0.21,169500000,0,-10100000,0,0,-123200000,-123200000,-123200000,0,0,-98900000,0,-14200000,-21900000,0,-113100000,888500000,166100000,124200000,609300000,609300000,0,268400000,FY2003.FQ4,4
8,0.0,2004-01-15,2003-11,13.01,609100000,821200000,312500000,0.0,0.0,286000000,0,-15500000,0,0,1100000,1100000,1100000,0,0,600000,0,16000000,0,0,16600000,1107200000,186400000,99000000,633800000,636600000,0,285400000,FY2004.FQ1,1
9,0.0,2004-04-19,2004-02,15.04,609500000,742800000,295600000,-0.04,-0.04,248200000,0,-17500000,0,0,-28300000,-28300000,-28300000,0,0,-7200000,0,-3600000,-14300000,0,-10800000,991000000,187900000,81800000,643200000,643200000,0,255400000,FY2004.FQ2,2
10,0.0,2004-07-19,2004-05,15.03,610600000,728900000,300100000,0.14,0.13,387900000,0,-14000000,0,0,90900000,90900000,90900000,0,0,109000000,0,-4100000,3200000,0,104900000,1116800000,181400000,94300000,644200000,705400000,0,278900000,FY2004.FQ3,3
11,0.0,2004-10-15,2004-08,11.51,611500000,797100000,309800000,0.15,0.14,391900000,0,-28000000,0,0,93300000,93300000,93300000,0,0,123600000,0,-2300000,-6700000,0,121300000,1189000000,199300000,75700000,640300000,681367000,0,268300000,FY2004.FQ4,4
12,0.0,2005-01-11,2004-11,11.08,612700000,837300000,313700000,0.24,0.23,423000000,0,-14200000,0,0,154900000,154900000,154900000,0,0,174900000,0,-5800000,12900000,0,169100000,1260300000,148400000,86800000,646000000,700500000,0,248100000,FY2005.FQ1,1
13,0.0,2005-04-12,2005-02,11.5,613800000,954000000,317300000,0.18,0.17,354000000,0,-4000000,0,0,118000000,118000000,118000000,0,0,126000000,0,-4000000,-8000000,0,122000000,1308000000,151000000,85000000,647100000,701300000,0,228000000,FY2005.FQ2,2
14,0.0,2005-07-07,2005-05,10.98,614900000,967600000,318600000,-0.2,-0.2,86600000,0,7300000,0,0,-127900000,-127900000,-127900000,0,0,-130100000,0,-5100000,0,0,-135200000,1054200000,153400000,63300000,648200000,648200000,0,216700000,FY2005.FQ3,3
15,0.0,2005-11-04,2005-08,11.91,616200000,975200000,315400000,0.08,0.07,282400000,0,-500000,0,0,43100000,43100000,43100000,0,0,45800000,0,-2200000,-1000000,0,43600000,1257600000,150800000,86800000,647100000,647100000,0,236600000,FY2005.FQ4,4
16,0.0,2006-01-10,2005-11,14.26,618400000,1050700000,303400000,0.1,0.09,311100000,0,-200000,0,0,62600000,62600000,62600000,0,0,62400000,0,400000,-12100000,0,62800000,1361800000,165500000,95300000,650100000,707100000,0,248700000,FY2006.FQ1,1
17,0.0,2006-04-11,2006-02,15.51,675600000,989000000,291600000,0.29,0.27,236000000,0,-7000000,0,0,193000000,193000000,193000000,0,0,188000000,0,12000000,-219000000,0,200000000,1225000000,159000000,108000000,661500000,714600000,0,48000000,FY2006.FQ2,2
18,0.0,2006-07-11,2006-05,16.56,678500000,982500000,341200000,0.12,0.12,329800000,17200000,-6500000,0,0,88500000,88500000,71300000,0,0,47400000,0,30400000,1500000,0,77800000,1312300000,167700000,113200000,708600000,720100000,0,282400000,FY2006.FQ3,3
19,0.0,2006-11-08,2006-08,17.28,749400000,1049100000,344800000,0.08,0.08,323800000,-24200000,-4000000,0,0,63700000,63700000,87900000,0,0,52000000,0,39900000,-35200000,0,91900000,1372900000,163300000,143700000,746600000,759000000,0,271800000,FY2006.FQ4,4
20,0.0,2007-01-16,2006-11,14.6,754500000,1088000000,380000000,0.15,0.15,442000000,-29000000,-9000000,0,0,115000000,115000000,144000000,0,0,110000000,0,43000000,-31000000,0,153000000,1530000000,183000000,180000000,767000000,779600000,0,332000000,FY2007.FQ1,1
21,0.0,2007-04-10,2007-02,11.86,755800000,1070000000,420000000,-0.07,-0.07,357000000,-48000000,-6000000,0,0,-52000000,-52000000,-4000000,0,0,-34000000,0,36000000,-5000000,0,2000000,1427000000,243000000,153000000,768700000,768700000,0,391000000,FY2007.FQ2,2
22,0.0,2007-07-10,2007-05,12.18,756871000,1188000000,444000000,-0.29,-0.29,106000000,-39000000,-9000000,0,0,-225000000,-225000000,-186000000,0,0,-195000000,0,18000000,-28000000,0,-177000000,1294000000,195000000,134000000,769900000,769900000,0,301000000,FY2007.FQ3,3
23,0.0,-,2007-08,11.45,757900000,1264000000,474000000,-0.21,-0.21,173000000,-6000000,-6000000,0,0,-158000000,-158000000,-152000000,0,0,-142000000,0,-4000000,-12000000,0,-146000000,1437000000,184000000,143000000,770900000,770900000,0,315000000,FY2007.FQ4,4
24,0.0,2008-01-08,2007-11,8.32,760500000,1530000000,504000000,-0.34,-0.34,5000000,-3000000,-7000000,0,0,-262000000,-262000000,-259000000,0,0,-247000000,0,-5000000,-23000000,0,-252000000,1535000000,163000000,112000000,771900000,771900000,0,252000000,FY2008.FQ1,1
25,0.0,2008-04-08,2008-02,7.52,760800000,1402000000,511000000,-1.01,-1.01,-43000000,-6000000,4000000,0,0,-777000000,-777000000,-771000000,0,0,-764000000,0,-11000000,421000000,0,-775000000,1359000000,180000000,120000000,772400000,772400000,0,721000000,FY2008.FQ2,2
26,0.0,2009-07-14,2008-05,8.07,760800000,1450000000,513000000,-0.3,-0.3,48000000,8000000,-13000000,-21000000,15000000,-236000000,-236000000,-244000000,0,-6000000,-217000000,0,-8000000,-21000000,0,-231000000,1498000000,170000000,116000000,772800000,772800000,0,265000000,FY2008.FQ3,3
27,0.0,2009-10-28,2008-08,4.24,761100000,1514000000,532000000,-0.45,-0.45,-65000000,11000000,-2000000,-20000000,11000000,-344000000,-344000000,-355000000,0,-9000000,-334000000,0,-10000000,-5000000,0,-353000000,1449000000,167000000,107000000,772800000,772800000,0,269000000,FY2008.FQ4,4
28,0.0,2009-01-13,2008-11,2.74,763800000,1851000000,594000000,-0.91,-0.91,-449000000,13000000,-13000000,0,0,-706000000,-706000000,-719000000,0,0,-738000000,0,32000000,9000000,0,-706000000,1402000000,178000000,102000000,773300000,773300000,0,289000000,FY2009.FQ1,1
29,0.0,2009-04-07,2009-02,3.22,777448000,1260000000,563000000,-0.99,-0.99,-267000000,51000000,-5000000,-47000000,4000000,-763000000,-763000000,-758000000,0,-43000000,-546000000,-56000000,-164000000,21000000,0,-753000000,993000000,168000000,90000000,773900000,773900000,0,279000000,FY2009.FQ2,2
30,0.0,2009-07-14,2009-05,5.06,846800000,999000000,526000000,-0.37,-0.37,107000000,33000000,4000000,-49000000,6000000,-301000000,-301000000,-289000000,0,-43000000,-227000000,-45000000,-23000000,92000000,0,-293000000,1106000000,162000000,80000000,813300000,813300000,0,334000000,FY2009.FQ3,3
31,0.0,2009-10-28,2009-08,7.37,848700000,1133000000,503000000,-0.08,-0.08,169000000,14000000,13000000,-45000000,2000000,-100000000,-100000000,-80000000,0,-43000000,-37000000,-34000000,-13000000,-15000000,0,-93000000,1302000000,139000000,82000000,843300000,843300000,0,206000000,FY2009.FQ4,4
32,0.0,2010-01-12,2009-11,7.52,849800000,1297000000,491000000,0.24,0.23,443000000,2000000,7000000,-47000000,2000000,204000000,204000000,219000000,0,-45000000,201000000,-17000000,56000000,8000000,0,212000000,1740000000,137000000,97000000,846300000,1000700000,0,242000000,FY2010.FQ1,1
33,0.0,2010-04-09,2010-02,9.06,855500000,1319000000,446000000,0.43,0.39,642000000,-14000000,-4000000,-46000000,2000000,365000000,365000000,366000000,0,-44000000,415000000,13000000,-1000000,-21000000,0,370000000,1961000000,148000000,100000000,847600000,1005300000,0,227000000,FY2010.FQ2,2
34,0.0,2010-07-13,2010-05,9.09,993900000,1440000000,476000000,1.06,0.92,848000000,-21000000,41000000,-44000000,4000000,939000000,939000000,979000000,0,-40000000,516000000,-19000000,462000000,0,0,938000000,2288000000,142000000,190000000,885400000,1049400000,0,332000000,FY2010.FQ3,3
35,0.0,2010-10-26,2010-08,6.46,994500000,1712000000,509000000,0.34,0.3,781000000,-17000000,-25000000,-41000000,10000000,342000000,342000000,375000000,0,-31000000,443000000,-16000000,-12000000,0,0,400000000,2493000000,197000000,141000000,970000000,1143700000,0,338000000,FY2010.FQ4,4
36,0.0,2011-01-11,2010-11,7.27,996800000,1728000000,500000000,0.16,0.15,524000000,-17000000,-48000000,-38000000,8000000,155000000,155000000,198000000,0,-30000000,390000000,-26000000,-114000000,-191000000,0,246000000,2252000000,185000000,140000000,972900000,1031300000,0,134000000,FY2011.FQ1,1
37,0.0,2011-04-12,2011-02,11.13,1000900000,1822000000,503000000,0.07,0.07,435000000,-3000000,-35000000,-28000000,7000000,72000000,72000000,123000000,0,-21000000,179000000,-48000000,0,-76000000,0,158000000,2257000000,186000000,146000000,988100000,1037300000,0,256000000,FY2011.FQ2,2
38,0.0,2011-07-12,2011-05,10.2,1003900000,1661000000,547000000,0.07,0.07,478000000,-2000000,-104000000,-28000000,6000000,75000000,75000000,121000000,0,-22000000,116000000,-44000000,131000000,0,0,225000000,2139000000,211000000,151000000,998900000,1041700000,0,362000000,FY2011.FQ3,3
39,0.0,2011-10-25,2011-08,5.91,984300000,1819000000,555000000,-0.14,-0.14,321000000,-1000000,-16000000,-30000000,2000000,-135000000,-135000000,-94000000,0,-28000000,251000000,-40000000,-301000000,-294000000,0,-78000000,2140000000,209000000,155000000,992200000,992200000,0,70000000,FY2011.FQ4,4
40,0.0,2012-01-10,2011-11,5.99,987700000,1785000000,564000000,-0.19,-0.19,305000000,0,2000000,-35000000,2000000,-187000000,-187000000,-113000000,0,-33000000,-82000000,-74000000,0,6000000,0,-115000000,2090000000,230000000,151000000,981400000,981400000,0,387000000,FY2012.FQ1,1
41,0.0,2012-04-09,2012-02,8.55,989400000,1799000000,569000000,-0.29,-0.29,210000000,0,-9000000,-35000000,2000000,-282000000,-282000000,-209000000,0,-33000000,-199000000,-73000000,32000000,13000000,0,-200000000,2009000000,222000000,174000000,982800000,982800000,0,409000000,FY2012.FQ2,2
42,0.0,2012-07-09,2012-05,5.84,994600000,1938000000,525000000,-0.32,-0.32,234000000,0,38000000,-56000000,3000000,-320000000,-320000000,-205000000,0,-53000000,-179000000,-115000000,-11000000,26000000,0,-243000000,2172000000,231000000,156000000,987300000,987300000,0,413000000,FY2012.FQ3,3
43,0.0,2012-10-29,2012-08,6.21,1017700000,1744000000,483000000,-0.24,-0.24,219000000,-1000000,-14000000,-53000000,1000000,-243000000,-243000000,-210000000,0,-52000000,-155000000,-32000000,11000000,0,0,-196000000,1963000000,235000000,139000000,1012300000,1012300000,0,374000000,FY2012.FQ4,4
44,0.0,2013-01-07,2012-11,5.97,1021000000,1617000000,457000000,-0.27,-0.27,217000000,0,-13000000,-57000000,3000000,-275000000,-275000000,-223000000,0,-54000000,-123000000,-52000000,-33000000,-3000000,0,-210000000,1834000000,224000000,119000000,1014000000,1014000000,0,340000000,FY2013.FQ1,1
45,0.0,2013-04-08,2013-02,8.38,1026600000,1712000000,455000000,-0.28,-0.28,366000000,-2000000,9000000,-56000000,3000000,-286000000,-286000000,-226000000,0,-53000000,27000000,-58000000,-209000000,2000000,0,-235000000,2078000000,214000000,123000000,1016000000,1016000000,0,339000000,FY2013.FQ2,2
46,0.0,2013-07-08,2013-05,11.68,1034700000,1762000000,442000000,0.04,0.04,556000000,0,1000000,-54000000,2000000,43000000,43000000,53000000,0,-52000000,204000000,-10000000,-100000000,-1000000,0,52000000,2318000000,226000000,127000000,1024000000,1047000000,0,352000000,FY2013.FQ3,3
47,0.0,2013-10-28,2013-08,13.57,1044400000,2135000000,450000000,1.65,1.51,708000000,-2000000,-5000000,-64000000,6000000,1708000000,1708000000,1673000000,0,-58000000,236000000,37000000,1500000000,12000000,0,1678000000,2843000000,267000000,193000000,1034000000,1174000000,0,472000000,FY2013.FQ4,4
48,0.0,2014-01-07,2013-11,21.1,1058000000,2761000000,491000000,0.34,0.3,1281000000,-23000000,-80000000,-101000000,5000000,358000000,358000000,295000000,0,-96000000,792000000,86000000,-321000000,-7000000,0,375000000,4042000000,320000000,176000000,1046000000,1196000000,0,489000000,FY2014.FQ1,1
49,0.0,2014-04-07,2014-02,24.19,1070000000,2704000000,517000000,0.69,0.61,1403000000,-10000000,-63000000,-83000000,6000000,731000000,731000000,607000000,0,-77000000,870000000,134000000,-123000000,12000000,0,670000000,4107000000,344000000,177000000,1060000000,1201000000,0,533000000,FY2014.FQ2,2
50,0.0,2014-07-03,2014-05,28.59,1070000000,2614000000,542000000,0.76,0.68,1368000000,0,-72000000,-80000000,5000000,806000000,806000000,671000000,0,-75000000,841000000,135000000,-23000000,4000000,0,743000000,3982000000,349000000,174000000,1067000000,1190000000,0,527000000,FY2014.FQ3,3
51,0.0,2014-10-27,2014-08,32.6,1073000000,2842000000,553000000,1.08,0.96,1385000000,-1000000,87000000,-88000000,7000000,1150000000,1150000000,1032000000,0,-81000000,867000000,119000000,159000000,-20000000,0,945000000,4227000000,358000000,180000000,1066000000,1204000000,0,518000000,FY2014.FQ4,4
52,0.0,2015-01-09,2014-11,35.95,1075000000,2935000000,643000000,0.94,0.84,1638000000,1000000,-75000000,-90000000,7000000,1003000000,1003000000,878000000,0,-83000000,1080000000,124000000,-44000000,-11000000,0,953000000,4573000000,376000000,193000000,1070000000,1195000000,0,558000000,FY2015.FQ1,1
53,0.0,2015-04-10,2015-02,30.67,1081000000,2761000000,641000000,0.87,0.78,1405000000,-1000000,-47000000,-83000000,8000000,934000000,934000000,727000000,0,-75000000,852000000,208000000,-3000000,-13000000,0,774000000,4166000000,379000000,187000000,1074000000,1190000000,0,553000000,FY2015.FQ2,2
54,0.0,2015-07-10,2015-05,27.93,1083000000,2651000000,673000000,0.46,0.42,1202000000,0,-104000000,-97000000,9000000,491000000,491000000,423000000,0,-88000000,628000000,68000000,-13000000,-1000000,0,527000000,3853000000,406000000,169000000,1073000000,1170000000,0,574000000,FY2015.FQ3,3
55,0.0,2015-10-27,2015-08,16.41,1084000000,2630000000,710000000,0.44,0.42,970000000,0,69000000,-101000000,11000000,471000000,471000000,424000000,0,-90000000,424000000,47000000,21000000,-3000000,0,355000000,3600000000,379000000,170000000,1064000000,1125000000,0,546000000,FY2015.FQ4,4
56,0.0,2016-01-08,2015-11,15.93,1035000000,2501000000,737000000,0.2,0.19,849000000,0,4000000,-96000000,11000000,206000000,206000000,147000000,0,-85000000,247000000,59000000,-19000000,2000000,0,143000000,3350000000,421000000,179000000,1035000000,1085000000,0,602000000,FY2016.FQ1,1
57,0.0,2016-04-08,2016-02,10.63,1037000000,2355000000,774000000,-0.09,-0.09,579000000,-1000000,-5000000,-97000000,12000000,-97000000,-97000000,-101000000,0,-85000000,-4000000,5000000,-7000000,5000000,0,-96000000,2934000000,403000000,175000000,1036000000,1036000000,0,583000000,FY2016.FQ2,2
58,0.0,2016-07-06,2016-05,12.72,1037000000,2400000000,755000000,-0.21,-0.21,498000000,0,-15000000,-109000000,10000000,-215000000,-215000000,-175000000,0,-99000000,-27000000,-40000000,-34000000,-5000000,0,-160000000,2898000000,382000000,148000000,1036000000,1036000000,0,525000000,FY2016.FQ3,3
59,0.0,2016-10-28,2016-08,16.49,1040000000,2638000000,714000000,-0.16,-0.16,579000000,0,-3000000,-135000000,9000000,-170000000,-170000000,-171000000,0,-126000000,15000000,1000000,-57000000,-4000000,0,-168000000,3217000000,411000000,157000000,1039000000,1039000000,0,564000000,FY2016.FQ4,4
60,0.0,2017-01-09,2016-11,19.53,1044000000,2959000000,771000000,0.17,0.16,1011000000,0,-31000000,-139000000,7000000,180000000,180000000,182000000,0,-132000000,359000000,-2000000,-14000000,23000000,0,213000000,3970000000,470000000,159000000,1040000000,1091000000,0,652000000,FY2017.FQ1,1
61,0.0,2017-03-28,2017-02,23.44,1106000000,2944000000,1003000000,0.81,0.77,1704000000,0,-38000000,-161000000,8000000,894000000,894000000,887000000,0,-153000000,1044000000,7000000,34000000,0,0,925000000,4648000000,473000000,187000000,1099000000,1160000000,0,660000000,FY2017.FQ2,2
62,0.0,2017-06-30,2017-05,30.77,1109632000,2957000000,1021000000,1.49,1.4,2609000000,0,-92000000,-153000000,10000000,1647000000,1647000000,1645000000,0,-143000000,1963000000,2000000,-83000000,8000000,0,1737000000,5566000000,434000000,204000000,1106000000,1177000000,0,646000000,FY2017.FQ3,3
63,0.0,2017-10-26,2017-08,31.97,1112000000,3026000000,1066000000,2.13,1.99,3112000000,-1000000,47000000,-148000000,16000000,2368000000,2368000000,2368000000,0,-132000000,2498000000,1000000,-45000000,-26000000,0,2321000000,6138000000,447000000,193000000,1110000000,1190000000,0,614000000,FY2017.FQ4,4
64,0.0,2017-12-20,2017-11,43.74,1158000000,3056000000,1090000000,2.36,2.19,3747000000,0,-114000000,-124000000,23000000,2678000000,2678000000,2678000000,0,-101000000,3103000000,0,-210000000,5000000,0,2792000000,6803000000,448000000,191000000,1134000000,1225000000,0,644000000,FY2018.FQ1,1
65,0.0,2018-03-23,2018-02,48.81,1158000000,3081000000,1151000000,2.86,2.67,4270000000,-2000000,-143000000,-88000000,27000000,3309000000,3309000000,3310000000,0,-61000000,3574000000,1000000,-60000000,-23000000,0,3453000000,7351000000,523000000,196000000,1156000000,1238000000,0,696000000,FY2018.FQ2,2
66,0.0,2018-06-22,2018-05,57.59,1160000000,3074000000,1233000000,3.3,3.1,4723000000,0,109000000,-80000000,36000000,3823000000,3823000000,3825000000,0,-44000000,3953000000,-2000000,-193000000,-44000000,0,3716000000,7797000000,603000000,211000000,1159000000,1235000000,0,770000000,FY2018.FQ3,3
67,0.0,2018-10-15,2018-08,52.52,1161000000,3289000000,1285000000,3.73,3.56,5151000000,-1000000,-20000000,-50000000,34000000,4325000000,4325000000,4326000000,0,-16000000,4309000000,0,53000000,60000000,0,4346000000,8440000000,567000000,215000000,1158000000,1217000000,0,842000000,FY2018.FQ4,4
68,0.0,2018-12-19,2018-11,38.56,1120000000,3298000000,1335000000,2.91,2.81,4615000000,-3000000,-477000000,-33000000,38000000,3293000000,3293000000,3296000000,0,5000000,3792000000,0,-24000000,3000000,0,3773000000,7913000000,611000000,209000000,1133000000,1174000000,0,823000000,FY2019.FQ1,1
69,0.0,2019-03-21,2019-02,40.88,1106000000,2971000000,1313000000,1.45,1.42,2864000000,-6000000,-280000000,-27000000,58000000,1619000000,1619000000,1624000000,0,31000000,2008000000,1000000,-135000000,46000000,0,1904000000,5835000000,601000000,209000000,1114000000,1141000000,0,856000000,FY2019.FQ2,2
70,0.0,2019-06-26,2019-05,32.61,1104000000,2960000000,1360000000,0.76,0.74,1828000000,-11000000,135000000,-29000000,52000000,840000000,840000000,851000000,0,23000000,1019000000,0,-326000000,-3000000,0,716000000,4788000000,606000000,206000000,1105000000,1129000000,0,809000000,FY2019.FQ3,3
71,0.0,2019-10-17,2019-08,45.27,1106000000,3475000000,1416000000,0.51,0.49,1395000000,-25000000,-71000000,-39000000,57000000,561000000,561000000,584000000,0,18000000,571000000,2000000,66000000,-11000000,0,655000000,4870000000,623000000,212000000,1105000000,1128000000,0,824000000,FY2019.FQ4,4
72,0.0,2019-12-20,2019-11,47.51,1108000000,3778000000,1296000000,0.44,0.43,1366000000,-17000000,-55000000,-47000000,44000000,491000000,491000000,506000000,0,-3000000,518000000,2000000,46000000,-3000000,0,561000000,5144000000,640000000,211000000,1107000000,1129000000,0,848000000,FY2020.FQ1,1
73,0.0,2020-03-26,2020-02,52.56,1112000000,3442000000,1365000000,0.37,0.36,1355000000,-2000000,-21000000,-46000000,34000000,405000000,405000000,406000000,0,-12000000,440000000,1000000,-1000000,11000000,0,427000000,4797000000,681000000,223000000,1111000000,1133000000,0,915000000,FY2020.FQ2,2
74,0.0,2020-06-30,2020-05,47.91,1112000000,3675000000,1422000000,0.72,0.71,1763000000,-2000000,-68000000,-51000000,23000000,803000000,803000000,802000000,0,-28000000,892000000,3000000,6000000,6000000,0,870000000,5438000000,649000000,216000000,1111000000,1129000000,0,871000000,FY2020.FQ3,3
75,0.0,2020-10-19,2020-08,45.51,1113000000,3988000000,1567000000,0.89,0.87,2068000000,-2000000,-136000000,-50000000,13000000,988000000,988000000,989000000,0,-37000000,1204000000,1000000,-42000000,3000000,0,1125000000,6056000000,630000000,231000000,1110000000,1131000000,0,864000000,FY2020.FQ4,4
76,0.0,2021-01-08,2020-11,64.09,1117000000,4037000000,1487000000,0.72,0.71,1736000000,0,-51000000,-48000000,10000000,803000000,803000000,790000000,0,-38000000,874000000,13000000,5000000,1000000,0,841000000,5773000000,647000000,214000000,1115000000,1135000000,0,862000000,FY2021.FQ1,1
77,0.0,2021-04-01,2021-02,91.53,1121000000,4587000000,1549000000,0.54,0.53,1649000000,0,-48000000,-42000000,10000000,603000000,603000000,587000000,0,-32000000,668000000,16000000,-1000000,126000000,0,635000000,6236000000,641000000,214000000,1120000000,1144000000,0,981000000,FY2021.FQ2,2
78,0.0,2021-07-01,2021-05,84.14,1120000000,4296000000,1557000000,1.55,1.52,3126000000,0,-65000000,-46000000,8000000,1735000000,1735000000,1741000000,0,-38000000,2252000000,-6000000,-408000000,-26000000,0,1806000000,7422000000,670000000,230000000,1121000000,1145000000,0,874000000,FY2021.FQ3,3
79,0.0,2021-10-08,2021-08,73.7,1119000000,4362000000,1621000000,2.42,2.39,3912000000,0,-230000000,-47000000,9000000,2720000000,2720000000,2706000000,0,-38000000,2953000000,14000000,21000000,18000000,0,2936000000,8274000000,705000000,236000000,1123000000,1141000000,0,959000000,FY2021.FQ4,4
80,0.1,2022-01-06,2021-11,84.0,1120000000,4122000000,1671000000,2.06,2.04,3565000000,0,-219000000,-45000000,10000000,2306000000,2306000000,2302000000,0,-35000000,2669000000,4000000,-113000000,-75000000,0,2521000000,7687000000,712000000,259000000,1119000000,1130000000,0,896000000,FY2022.FQ1,1
81,0.1,2022-03-30,2022-02,88.86,1118000000,4110000000,1742000000,2.02,2.0,3676000000,0,-255000000,-55000000,12000000,2263000000,2263000000,2254000000,0,-43000000,2551000000,9000000,1000000,70000000,0,2509000000,7786000000,792000000,263000000,1119000000,1130000000,0,1125000000,FY2022.FQ2,2
82,0.1,2022-07-01,2022-05,73.84,1105000000,4607000000,1821000000,2.36,2.34,4035000000,0,-358000000,-44000000,20000000,2626000000,2626000000,2630000000,0,-24000000,2999000000,-4000000,13000000,-1000000,0,2988000000,8642000000,773000000,264000000,1112000000,1121000000,0,1036000000,FY2022.FQ3,3
83,0.115,2022-10-07,2022-08,56.53,1094000000,4021000000,1882000000,1.36,1.35,2622000000,0,-56000000,-45000000,54000000,1492000000,1492000000,1497000000,0,9000000,1501000000,-5000000,43000000,2000000,0,1553000000,6643000000,839000000,280000000,1097000000,1107000000,0,1121000000,FY2022.FQ4,4
84,0.115,2022-12-22,2022-11,57.65,1091000000,3192000000,1921000000,-0.18,-0.18,893000000,0,-8000000,-51000000,88000000,-195000000,-195000000,-184000000,0,37000000,-196000000,-11000000,-17000000,-11000000,0,-176000000,4085000000,849000000,251000000,1090000000,1090000000,0,1089000000,FY2023.FQ1,1
85,0.115,2023-03-29,2023-02,57.82,1094000000,4899000000,1942000000,-2.12,-2.12,-1206000000,0,-54000000,-89000000,119000000,-2312000000,-2312000000,-2325000000,0,30000000,-2226000000,13000000,-75000000,1000000,0,-2271000000,3693000000,788000000,231000000,1091000000,1091000000,0,1020000000,FY2023.FQ2,2
86,0.115,2023-06-29,2023-05,68.2,1095000000,4420000000,1956000000,-1.73,-1.73,-668000000,0,-139000000,-119000000,127000000,-1896000000,-1896000000,-1892000000,0,8000000,-1649000000,-4000000,-112000000,4000000,0,-1753000000,3752000000,758000000,219000000,1094000000,1094000000,0,981000000,FY2023.FQ3,3
87,0.115,2023-10-06,2023-08,69.94,1098000000,4445000000,1937000000,-1.31,-1.31,-435000000,0,24000000,-129000000,134000000,-1430000000,-1430000000,-1434000000,0,5000000,-1375000000,4000000,-88000000,2000000,0,-1458000000,4010000000,719000000,219000000,1096000000,1096000000,0,940000000,FY2023.FQ4,4
88,0.115,2023-12-21,2023-11,76.12,1104000000,4761000000,1915000000,-1.12,-1.12,-35000000,0,-73000000,-132000000,132000000,-1234000000,-1234000000,-1228000000,0,0,-1128000000,-6000000,-27000000,-15000000,0,-1155000000,4726000000,845000000,263000000,1100000000,1100000000,0,1093000000,FY2024.FQ1,1
89,0.115,2024-03-21,2024-02,90.61,1107000000,4745000000,1924000000,0.72,0.71,1079000000,0,622000000,-144000000,130000000,793000000,793000000,792000000,0,-14000000,191000000,1000000,-7000000,-224000000,0,170000000,5824000000,832000000,280000000,1104000000,1114000000,0,888000000,FY2024.FQ2,2
90,0.115,2024-06-27,2024-05,125.0,1109000000,4979000000,1955000000,0.3,0.3,1832000000,0,-377000000,-150000000,136000000,332000000,332000000,338000000,0,-14000000,681000000,-6000000,48000000,10000000,0,715000000,6811000000,850000000,291000000,1107000000,1123000000,0,1151000000,FY2024.FQ3,3
91,0.115,2024-10-04,2024-08,96.24,1108841000,5013000000,1986000000,0.8,0.79,2737000000,0,-623000000,-136000000,131000000,887000000,887000000,887000000,0,-5000000,1527000000,0,-12000000,12000000,0,1510000000,7750000000,903000000,295000000,1108000000,1160000000,0,1210000000,FY2024.FQ4,4
92,0.115,2024-12-19,2024-11,97.95,1114043000,5361000000,2030000000,1.68,1.67,3348000000,0,-283000000,-118000000,107000000,1870000000,1870000000,1869000000,0,-11000000,2174000000,1000000,-11000000,-2000000,0,2152000000,8709000000,888000000,288000000,1111000000,1122000000,0,1174000000,FY2025.FQ1,1
93,0.115,2025-03-20,2025-02,93.63,1118000000,5090000000,2079000000,1.42,1.41,2963000000,0,-177000000,-112000000,108000000,1583000000,1583000000,1581000000,0,-4000000,1773000000,2000000,-11000000,7000000,0,1758000000,8053000000,898000000,285000000,1115000000,1123000000,0,1190000000,FY2025.FQ2,2
94,0.115,2025-06-25,2025-05,94.46,1125000000,5793000000,2094000000,1.69,1.68,3508000000,0,-235000000,-123000000,135000000,1885000000,1885000000,1878000000,0,12000000,2169000000,7000000,-68000000,56000000,0,2113000000,9301000000,965000000,318000000,1118000000,1125000000,0,1339000000,FY2025.FQ3,3
