,dividends,original_filing_date,period_end_date,period_end_price,shares_eop,cogs,da_income_statement_supplemental,eps_basic,eps_diluted,gross_profit,income_allocated_to_minority_interest,income_tax,interest_expense,interest_income,net_income,net_income_available_to_shareholders,net_income_continuing,net_income_discontinued,net_interest_income_normal,operating_income,other_income_statement_items,other_nonoperating_income,other_opex,preferred_dividends,pretax_income,revenue,rnd,sga,shares_basic,shares_diluted,special_charges,total_opex,fiscal_year_key,fiscal_year_number
0,0,2003-03-31,2001-12,0.0,289073000,49907000,29797000,-0.76,-0.76,26005000,0,0,0,0,-39182000,-39182000,0,0,0,-37120000,-39182000,37120000,0,0,0,75912000,17734000,45391000,102256000,102256000,0,63125000,FY2001,2001
1,0,2003-03-31,2002-12,0.786,314241000,78136000,26477000,-0.05,-0.05,74670000,0,0,0,0,-20948000,-20948000,0,0,0,-10673000,-20948000,10673000,0,0,0,152806000,14625000,70718000,394856000,394856000,0,85343000,FY2002,2002
2,0,2004-02-27,2003-12,3.906,355946000,148360000,50991000,0.01,0.0,123883000,0,0,0,0,6512000,6512000,0,0,0,4472000,6512000,-4472000,0,0,0,272243000,17884000,101527000,669004000,880376000,0,119411000,FY2003,2003
3,0,2005-03-15,2004-12,1.761,369124000,331712000,88204000,0.06,0.04,168899000,0,-181000,0,0,21595000,21595000,21595000,0,0,19354000,0,2422000,-2560000,0,21776000,500611000,29467000,122638000,363916000,452991000,0,149545000,FY2004,2004
4,0,2006-03-16,2005-12,3.866,383290000,465775000,107002000,0.11,0.09,216438000,0,33692000,0,0,42027000,42027000,42027000,0,0,2989000,0,5346000,-1987000,0,8335000,682213000,35388000,180048000,374696000,458626000,0,213449000,FY2005,2005
5,0,2007-02-28,2006-12,3.694,480287000,626985000,157136000,0.11,0.1,369675000,0,-31236000,0,0,49082000,49082000,49082000,0,0,64414000,0,15904000,-4797000,0,80318000,996660000,48379000,261679000,438039000,483525000,0,305261000,FY2006,2006
6,0,2008-02-28,2007-12,3.803,454390000,786168000,224986000,0.14,0.13,419172000,0,-44549000,0,0,66952000,66952000,66952000,0,0,91161000,0,20340000,-14196000,0,111501000,1205340000,71395000,270812000,469532000,482314000,0,328011000,FY2007,2007
7,0,2009-02-25,2008-12,4.27,412037000,910234000,242211000,0.19,0.18,454427000,0,-48474000,-2458000,12452000,83026000,83026000,83026000,0,9994000,121506000,0,0,-6327000,0,131500000,1364661000,89873000,249375000,426727000,439852000,0,332921000,FY2008,2008
8,0,2010-02-22,2009-12,7.87,374081000,1079271000,38044000,0.29,0.28,590998000,0,-76332000,-6475000,6728000,115860000,115860000,115860000,0,253000,187379000,0,4560000,0,0,192192000,1670269000,114542000,289077000,395920000,408912000,0,403619000,FY2009,2009
9,0,2011-02-18,2010-12,25.1,369474000,1357355000,338695000,0.43,0.42,805270000,0,-106843000,-19629000,3684000,160853000,160853000,160853000,0,-15945000,283641000,0,0,0,0,267696000,2162625000,163329000,358300000,367703000,380128000,0,521629000,FY2010,2010
10,0,2012-02-10,2011-12,9.899,387790000,2039901000,839619000,0.61,0.59,1164676000,0,-133396000,-20025000,3479000,226126000,226126000,226126000,0,-16546000,376068000,0,0,0,0,359522000,3204577000,259033000,529575000,369929000,380583000,0,788608000,FY2011,2011
11,0,2013-02-01,2012-12,13.227,389110000,2652058000,1702083000,0.04,0.04,957224000,0,-13328000,-19986000,474000,17152000,17152000,17152000,0,-19512000,49992000,0,0,0,0,30480000,3609282000,329008000,578224000,388647000,412328000,0,907232000,FY2012,2012
12,0,2014-02-03,2013-12,52.596,417249000,3117203000,2241680000,0.28,0.26,1257359000,0,-58671000,-32144000,0,112403000,112403000,112403000,0,-32144000,228347000,0,-25129000,0,0,171074000,4374562000,378769000,650243000,407385000,425327000,0,1029012000,FY2013,2013
13,0,2015-01-29,2014-12,48.801,422911000,3752760000,2781798000,0.63,0.62,1751896000,0,-82570000,-53279000,0,266799000,266799000,266799000,0,-53279000,402648000,0,0,0,0,349369000,5504656000,472321000,876927000,420544000,431894000,0,1349248000,FY2014,2014
14,0,2016-01-28,2015-12,114.38,427940000,4591476000,3547045000,0.29,0.28,2188035000,0,-19244000,-163941000,0,122641000,122641000,122641000,0,-163941000,305826000,0,0,0,0,141885000,6779511000,650788000,1231421000,425889000,436456000,0,1882209000,FY2015,2015
15,0,2017-01-27,2016-12,123.8,430054000,6257462000,4924978000,0.44,0.43,2573207000,0,-73829000,-150114000,30828000,186678000,186678000,186678000,0,-119286000,379793000,0,0,0,0,260507000,8830669000,780232000,1413182000,428822000,438652000,0,2193414000,FY2016,2016
16,0,2018-01-29,2017-12,191.96,433393000,8033000000,6269728000,1.29,1.25,3659713000,0,73608000,-353358000,0,558929000,558929000,558929000,0,-353358000,838679000,0,0,0,0,485321000,11692713000,953710000,1867324000,431885000,446814000,0,2821034000,FY2017,2017
17,0,2019-01-29,2018-12,267.66,436599000,9967538000,7615245000,2.78,2.68,5826803000,0,-15216000,-420493000,41725000,1211242000,1211242000,1211242000,0,-378768000,1605226000,0,0,0,0,1226458000,15794341000,1221814000,2999763000,435374000,451244000,0,4221577000,FY2018,2018
18,0,2020-01-29,2019-12,323.57,438807000,12440213000,9319826000,4.26,4.13,7716234000,0,-195315000,-626023000,84000000,1866916000,1866916000,1866916000,0,-542023000,2604254000,0,0,0,0,2062231000,20156447000,1545149000,3566831000,437799000,451765000,0,5111980000,FY2019,2019
19,0,2021-01-28,2020-12,540.73,442895000,15276319000,10922622000,6.26,6.08,9719737000,0,-437954000,-1385940000,0,2761395000,2761395000,2761395000,0,-1385940000,4585289000,0,0,0,0,3199349000,24996056000,1829600000,3304848000,440922000,454208000,0,5134448000,FY2020,2020
20,0,2022-01-27,2021-12,602.44,443963000,17332683000,12438779000,11.55,11.24,12365161000,0,-723875000,-765620000,411214000,5116228000,5116228000,5116228000,0,-354406000,6194509000,0,0,0,0,5840103000,29697844000,2273885000,3896767000,443155000,455372000,0,6170652000,FY2021,2021
21,0,2023-01-26,2022-12,294.88,445347000,19168285000,14362814000,10.1,9.95,12447265000,0,-772005000,-706212000,337310000,4491924000,4491924000,4491924000,0,-368902000,5632831000,0,0,0,0,5263929000,31615550000,2711041000,4103393000,444698000,451290000,0,6814434000,FY2022,2022
22,0,2024-01-26,2023-12,486.88,432760000,19715368000,14554384000,12.25,12.03,14007929000,0,-797415000,-748598000,0,5407990000,5407990000,5407990000,0,-748598000,6954003000,0,0,0,0,6205405000,33723297000,2675758000,4378168000,441571000,449498000,0,7053926000,FY2023,2023
23,0,2025-01-27,2024-12,891.32,427757000,21038464000,15630431000,20.28,19.83,17962502000,0,-1254026000,-718733000,266776000,8711631000,8711631000,8711631000,0,-451957000,10417614000,0,0,0,0,9965657000,39000966000,2925295000,4619593000,429519000,439261000,0,7544888000,FY2024,2024
