,dividends,original_filing_date,period_end_date,period_end_price,shares_eop,cogs,da_income_statement_supplemental,eps_basic,eps_diluted,gross_profit,income_allocated_to_minority_interest,income_tax,interest_expense,interest_income,net_income,net_income_available_to_shareholders,net_income_continuing,net_income_discontinued,net_interest_income_normal,operating_income,other_income_statement_items,other_nonoperating_income,other_opex,preferred_dividends,pretax_income,revenue,rnd,sga,shares_basic,shares_diluted,special_charges,total_opex,fiscal_year_key,fiscal_year_number
0,0.0,-,2001-12,0.0,10838284000,14228000,0,0.0,0.0,72198000,0,-3083000,0,0,6985000,6985000,6985000,0,0,55698000,0,-45630000,0,0,10068000,86426000,16500000,0,10838284000,10838284000,0,16500000,FY2001,2001
1,0.0,2005-03-30,2002-12,0.0,10838284000,131510000,28983000,0.0,0.0,307998000,0,-85259000,-2570000,1215000,99656000,99656000,99656000,0,-1355000,186466000,0,-196000,0,0,184915000,439508000,31748000,89784000,10838284000,10838284000,0,121532000,FY2002,2002
2,0.0,2006-03-16,2003-12,0.0,10838284000,625854000,55049000,0.01,0.01,840080000,0,-241006000,-1931000,6121000,105648000,105648000,105648000,0,4190000,342464000,0,0,0,0,346654000,1465934000,91228000,406388000,10838284000,10838284000,0,497616000,FY2003,2003
3,0.0,2005-03-30,2004-12,0.0,10926051000,1457653000,148473000,0.05,0.03,1731570000,0,-251115000,-5954000,15996000,399119000,399119000,399119000,0,10042000,841192000,0,-201000000,0,0,650234000,3189223000,225632000,664746000,7719560000,10900678000,0,890378000,FY2004,2004
4,0.0,2006-03-16,2005-12,0.0,11877980000,2577088000,293812000,0.13,0.12,3561472000,0,-676280000,-776000,121038000,1465397000,1465397000,1465397000,0,120262000,2107278000,0,-85863000,0,0,2141677000,6138560000,599510000,854684000,11023079000,11663659000,0,1454194000,FY2005,2005
5,0.0,2007-03-01,2006-12,0.0,12426248000,4225027000,571939000,0.25,0.24,6379890000,0,-933594000,0,412063000,3077446000,3077446000,3077446000,0,412063000,3549996000,0,48981000,0,0,4011040000,10604917000,1228589000,1601305000,12044450000,12369934000,0,2829894000,FY2006,2006
6,0.0,2008-02-15,2007-12,0.0,12523021000,6649085000,967658000,0.33,0.33,9944901000,0,-1470260000,0,559205000,4203720000,4203720000,4203720000,0,559205000,5084400000,0,30375000,0,0,5673980000,16593986000,2119985000,2740516000,12420206000,12636156000,0,4860501000,FY2007,2007
7,0.0,2009-02-13,2008-12,0.0,12599540000,8622000000,1500000000,0.33,0.33,13174000000,0,-1626000000,0,390000000,4227000000,4227000000,4227000000,0,390000000,6632000000,0,-1169000000,0,0,5853000000,21796000000,2793000000,3749000000,12546204000,12688266000,0,6542000000,FY2008,2008
8,0.0,2010-02-12,2009-12,0.0,12698576000,8844000000,1524000000,0.51,0.51,14807000000,0,-1861000000,0,230000000,6520000000,6520000000,6520000000,0,230000000,8312000000,0,-161000000,0,0,8381000000,23651000000,2843000000,3652000000,12636596000,12764272000,0,6495000000,FY2009,2009
9,0.0,2011-02-11,2010-12,0.0,12839599000,10417000000,1396000000,0.66,0.65,18904000000,0,-2291000000,-5000000,579000000,8505000000,8505000000,8505000000,0,574000000,10381000000,0,-159000000,0,0,10796000000,29321000000,3762000000,4761000000,12735740000,12917524000,0,8523000000,FY2010,2010
10,0.0,2012-01-26,2011-12,0.0,12983220000,13188000000,1851000000,0.75,0.74,24717000000,0,-2589000000,-58000000,812000000,9737000000,9737000000,9737000000,0,754000000,12242000000,0,-670000000,0,0,12326000000,37905000000,5162000000,7313000000,12898622000,13075890000,0,12475000000,FY2011,2011
11,0.0,2013-01-29,2012-12,0.0,13186383000,17176000000,2962000000,0.82,0.8,28863000000,0,-2916000000,-85000000,700000000,10737000000,10737000000,11553000000,-816000000,615000000,13834000000,0,20000000,0,0,14469000000,46039000000,6083000000,8946000000,13088520000,13292200000,0,15029000000,FY2012,2012
12,0.0,2014-02-12,2013-12,0.0,13420277000,21993000000,3939000000,0.95,0.94,33526000000,0,-2739000000,-81000000,766000000,12733000000,12733000000,13160000000,-427000000,685000000,15403000000,0,-189000000,0,0,15899000000,55519000000,7137000000,10986000000,13313840000,13552360000,0,18123000000,FY2013,2013
13,0.0,2015-02-09,2014-12,26.248,13622128000,25691000000,4979000000,1.04,1.02,40310000000,0,-3639000000,-101000000,746000000,14136000000,14136000000,13620000000,516000000,645000000,16496000000,0,118000000,0,0,17259000000,66001000000,9832000000,13982000000,13518700000,13741400000,0,23814000000,FY2014,2014
14,0.0,2016-02-11,2015-12,37.944,13746960000,28164000000,5063000000,1.15,1.14,46825000000,0,-3303000000,-104000000,999000000,16348000000,16348000000,16348000000,0,895000000,19360000000,0,-604000000,0,0,19651000000,74989000000,12282000000,15183000000,13692520000,13858600000,0,27465000000,FY2015,2015
15,0.0,2017-02-03,2016-12,38.591,13825860000,35138000000,6144000000,1.41,1.39,55134000000,0,-4672000000,-124000000,1220000000,19478000000,19478000000,19478000000,0,1096000000,23716000000,0,-662000000,0,0,24150000000,90272000000,13948000000,17470000000,13755560000,13974120000,0,31418000000,FY2016,2016
16,0.0,2018-02-06,2017-12,52.32,13895660000,45583000000,6915000000,0.91,0.9,65272000000,0,-14531000000,-109000000,1312000000,12662000000,12662000000,12662000000,0,1203000000,28914000000,0,-2924000000,0,0,27193000000,110855000000,16625000000,19733000000,13851920000,14071680000,0,36358000000,FY2017,2017
17,0.0,2019-02-05,2018-12,51.781,13911120000,59549000000,9035000000,2.21,2.18,77270000000,0,-4177000000,-114000000,1878000000,30736000000,30736000000,30736000000,0,1764000000,32595000000,0,554000000,0,0,34913000000,136819000000,21419000000,23256000000,13902800000,14065700000,0,44675000000,FY2018,2018
18,0.0,2020-02-04,2019-12,66.851,13766700000,71896000000,11781000000,2.48,2.45,89961000000,0,-5282000000,-100000000,2427000000,34343000000,34343000000,34343000000,0,2327000000,35928000000,0,1370000000,0,0,39625000000,161857000000,26018000000,28015000000,13851920000,13971120000,0,54033000000,FY2019,2019
19,0.0,2021-02-03,2020-12,87.594,13504440000,84732000000,13697000000,2.95,2.93,97795000000,0,-7813000000,-135000000,1865000000,40269000000,40269000000,40269000000,0,1730000000,41224000000,0,5128000000,0,0,48082000000,182527000000,27573000000,28998000000,13616320000,13740560000,0,56571000000,FY2020,2020
20,0.0,2022-02-02,2021-12,144.68,13242420000,110939000000,12441000000,5.69,5.61,146698000000,0,-14701000000,-346000000,1499000000,76033000000,76033000000,76033000000,0,1153000000,78714000000,0,10867000000,0,0,90734000000,257637000000,31562000000,36422000000,13353000000,13553000000,0,67984000000,FY2021,2021
21,0.0,2023-02-03,2022-12,88.73,12849000000,126203000000,13475000000,4.59,4.56,156633000000,0,-11356000000,-357000000,2174000000,59972000000,59972000000,59972000000,0,1817000000,74842000000,0,-5331000000,0,0,71328000000,282836000000,39500000000,42291000000,13063000000,13159000000,0,81791000000,FY2022,2022
22,0.0,2024-01-31,2023-12,140.93,12460000000,133332000000,11946000000,5.84,5.8,174062000000,0,-11922000000,-308000000,3865000000,73795000000,73795000000,73795000000,0,3557000000,84293000000,0,-2133000000,0,0,85717000000,307394000000,45427000000,44342000000,12630000000,12722000000,0,89769000000,FY2023,2023
23,0.6,2025-02-05,2024-12,190.44,12211000000,146306000000,15311000000,8.13,8.04,203712000000,0,-19697000000,-268000000,4482000000,100118000000,100118000000,100118000000,0,4214000000,112390000000,0,3211000000,0,0,119815000000,350018000000,49326000000,41996000000,12319000000,12447000000,0,91322000000,FY2024,2024
