,dividends,original_filing_date,period_end_date,period_end_price,shares_eop,cogs,da_income_statement_supplemental,eps_basic,eps_diluted,gross_profit,income_allocated_to_minority_interest,income_tax,interest_expense,interest_income,net_income,net_income_available_to_shareholders,net_income_continuing,net_income_discontinued,net_interest_income_normal,operating_income,other_income_statement_items,other_nonoperating_income,other_opex,preferred_dividends,pretax_income,revenue,rnd,sga,shares_basic,shares_diluted,special_charges,total_opex,fiscal_quarter_key,fiscal_quarter_number
0,0.008,2002-05-14,2002-03,19.11,1221224000,4435000000,56000000,0.24,0.23,1578000000,0,-163000000,0,0,295000000,295000000,295000000,0,0,482000000,0,-24000000,1096000000,0,458000000,6013000000,0,0,1229600000,1286000000,0,1096000000,FY2002.FQ1,1
1,0.0,2002-08-13,2002-06,22.89,1209596000,0,0,0.26,0.25,6078000000,0,-178000000,0,0,325000000,325000000,325000000,0,0,11633000000,0,-11130000000,-5555000000,0,503000000,6078000000,0,0,1220000000,1282000000,0,-5555000000,FY2002.FQ2,2
2,0.0,2002-11-14,2002-09,21.81,1208964000,4509000000,66000000,0.29,0.28,1738000000,0,-195000000,0,0,353000000,353000000,353000000,0,0,572000000,0,-24000000,1166000000,0,548000000,6247000000,0,0,1200400000,1260800000,0,1166000000,FY2002.FQ3,3
3,0.0,2003-03-19,2002-12,20.88,1197832000,4830000000,71000000,0.31,0.3,1632000000,0,-208000000,0,0,379000000,379000000,379000000,0,0,389000000,0,198000000,1243000000,0,587000000,6462000000,0,0,1208000000,1251134000,0,1243000000,FY2002.FQ4,4
4,0.008,2003-05-15,2003-03,22.92,1185316000,5050000000,73000000,0.34,0.32,1925000000,0,-227000000,0,0,403000000,403000000,403000000,0,0,653000000,0,-23000000,1272000000,0,630000000,6975000000,0,0,1194000000,1246000000,0,1272000000,FY2003.FQ1,1
5,0.0,2003-08-13,2003-06,25.13,1180000000,5109000000,74000000,0.37,0.35,1978000000,0,-246000000,0,0,439000000,439000000,439000000,0,0,709000000,0,-24000000,1269000000,0,685000000,7087000000,0,0,1180000000,1236000000,0,1269000000,FY2003.FQ2,2
6,0.0,2003-11-14,2003-09,25.16,1168000000,5174000000,75000000,0.4,0.38,2064000000,0,-263000000,0,0,476000000,476000000,476000000,0,0,763000000,0,-24000000,1301000000,0,739000000,7238000000,0,0,1178000000,1234000000,0,1301000000,FY2003.FQ3,3
7,0.0,2004-03-15,2003-12,29.09,1166000000,6511000000,77000000,0.28,0.27,1885000000,0,-279000000,0,0,337000000,337000000,507000000,0,0,27571000000,-170000000,-26785000000,-25686000000,0,786000000,8396000000,0,0,1176571000,1220299000,0,-25686000000,FY2003.FQ4,4
8,0.015,2004-05-07,2004-03,32.25,1228000000,5869000000,82000000,0.46,0.44,2275000000,0,-298000000,0,0,554000000,554000000,554000000,0,0,876000000,0,-24000000,1399000000,0,852000000,8144000000,0,0,1202000000,1260000000,0,1399000000,FY2004.FQ1,1
9,0.0,2004-08-09,2004-06,31.13,1214000000,6326000000,87000000,0.49,0.47,2378000000,0,-321000000,0,0,596000000,596000000,596000000,0,0,945000000,0,-28000000,1433000000,0,917000000,8704000000,0,0,1220000000,1277000000,0,1433000000,FY2004.FQ2,2
10,0.0,2004-11-09,2004-09,36.87,1308000000,7180000000,99000000,0.55,0.52,2679000000,0,-360000000,0,0,698000000,698000000,698000000,0,0,1092000000,0,-34000000,1587000000,0,1058000000,9859000000,0,0,1281000000,1341000000,0,1587000000,FY2004.FQ3,3
11,0.0,2005-03-01,2004-12,44.02,1286000000,8537000000,106000000,0.43,0.4,2560000000,0,-340000000,0,0,563000000,563000000,563000000,0,0,532000000,0,371000000,2028000000,0,903000000,11097000000,0,0,1303000000,1379000000,0,2028000000,FY2004.FQ4,4
12,0.015,2005-05-05,2005-03,47.69,1268000000,8155000000,109000000,0.58,0.55,3009000000,0,-408000000,0,0,743000000,743000000,743000000,0,0,1200000000,0,-49000000,1809000000,0,1151000000,11164000000,0,0,1278000000,1340000000,0,1809000000,FY2005.FQ1,1
13,0.0,2005-08-08,2005-06,52.14,1255000000,8304000000,108000000,0.61,0.58,3075000000,0,-438000000,0,0,769000000,769000000,769000000,0,0,1262000000,0,-55000000,1813000000,0,1207000000,11379000000,0,0,1258000000,1324000000,0,1813000000,FY2005.FQ2,2
14,0.0,2005-11-04,2005-09,56.2,1256000000,8396000000,116000000,0.64,0.61,3217000000,0,-461000000,0,0,800000000,800000000,800000000,0,0,1323000000,0,-62000000,1894000000,0,1261000000,11613000000,0,0,1255000000,1322000000,0,1894000000,FY2005.FQ3,3
15,0.0,2006-02-24,2005-12,62.14,1358000000,8928000000,120000000,0.61,0.58,2853000000,0,-444000000,0,0,778000000,778000000,778000000,0,0,792000000,0,430000000,2061000000,0,1222000000,11781000000,0,0,1271000000,1342000000,0,2061000000,FY2005.FQ4,4
16,0.03,2006-05-10,2006-03,55.86,1343000000,13420000000,157000000,0.66,0.63,4161000000,0,-500000000,0,0,891000000,891000000,891000000,0,0,1473000000,0,-82000000,2688000000,0,1391000000,17581000000,0,0,1353000000,1419000000,0,2688000000,FY2006.FQ1,1
17,0.0,2007-03-06,2006-06,44.78,1338000000,13553000000,168000000,0.73,0.7,4310000000,0,-570000000,0,0,981000000,981000000,981000000,0,0,1667000000,0,-116000000,2643000000,0,1551000000,17863000000,0,0,1339000000,1395000000,0,2643000000,FY2006.FQ2,2
18,0.0,2007-03-06,2006-09,49.2,1343000000,13520000000,168000000,0.83,0.8,4450000000,0,-622000000,0,0,1112000000,1112000000,1112000000,0,0,1863000000,0,-129000000,2587000000,0,1734000000,17970000000,0,0,1341000000,1397000000,0,2587000000,FY2006.FQ3,3
19,0.0,2007-03-06,2006-12,53.73,1345000000,13414000000,177000000,0.87,0.84,3843000000,0,-677000000,0,0,1175000000,1175000000,1175000000,0,0,1110000000,0,742000000,2733000000,0,1852000000,17257000000,0,0,1344000000,1396000000,0,2733000000,FY2006.FQ4,4
20,0.03,2007-05-09,2007-03,52.97,1340049000,14610000000,191000000,0.69,0.66,4437000000,0,-539000000,0,0,927000000,927000000,927000000,0,0,1582000000,0,-116000000,2855000000,0,1466000000,19047000000,0,0,1343000000,1399000000,0,2855000000,FY2007.FQ1,1
21,0.0,2007-08-06,2007-06,51.14,1324879000,14125000000,196000000,0.93,0.89,4875000000,0,-713000000,-133000000,0,1228000000,1228000000,1228000000,0,-133000000,2074000000,0,0,2801000000,0,1941000000,19000000000,0,0,1326000000,1377000000,0,2801000000,FY2007.FQ2,2
22,0.0,2007-11-01,2007-09,48.43,1292162000,13706000000,202000000,0.98,0.95,4973000000,0,-730000000,-142000000,0,1283000000,1283000000,1283000000,0,-142000000,2155000000,0,0,2818000000,0,2013000000,18679000000,0,0,1304000000,1348000000,0,2818000000,FY2007.FQ3,3
23,0.0,2008-02-21,2007-12,58.2,1253000000,13762000000,207000000,0.96,0.92,3799000000,0,-669000000,-153000000,0,1216000000,1216000000,1216000000,0,-153000000,894000000,0,1144000000,2905000000,0,1885000000,17561000000,0,0,1273000000,1319000000,0,2905000000,FY2007.FQ4,4
24,0.03,2008-05-02,2008-03,34.36,1225000000,18366000000,225000000,0.8,0.78,1938000000,0,-565000000,-154000000,0,994000000,994000000,994000000,0,-154000000,1713000000,0,0,225000000,0,1559000000,20304000000,0,0,1240000000,1278000000,0,225000000,FY2008.FQ1,1
25,0.0,2008-08-07,2008-06,26.25,1210000000,19356000000,243000000,0.28,0.27,916000000,0,-172000000,-164000000,0,337000000,337000000,337000000,0,-164000000,673000000,0,0,243000000,0,509000000,20272000000,0,0,1216000000,1245000000,0,243000000,FY2008.FQ2,2
26,0.0,2008-11-07,2008-09,25.39,1198000000,18304000000,254000000,0.76,0.75,1852000000,0,-512000000,-166000000,0,920000000,920000000,920000000,0,-166000000,1598000000,0,0,254000000,0,1432000000,20156000000,0,0,1204000000,1227000000,0,254000000,FY2008.FQ3,3
27,0.0,2009-02-11,2008-12,26.6,1215616000,5813000000,259000000,0.6,0.6,13870000000,0,-398000000,-155000000,0,726000000,726000000,726000000,0,-155000000,508000000,0,771000000,13362000000,0,1124000000,19683000000,0,0,1196000000,1214000000,0,13362000000,FY2008.FQ4,4
28,0.03,2009-05-07,2009-03,20.93,1189511000,20102000000,234000000,0.82,0.81,1902000000,0,-553000000,-131000000,0,984000000,984000000,984000000,0,-131000000,1668000000,0,0,234000000,0,1537000000,22004000000,0,0,1198000000,1210000000,0,234000000,FY2009.FQ1,1
29,0.0,2009-08-06,2009-06,24.98,1151000000,19966000000,249000000,0.73,0.73,1689000000,0,-442000000,-139000000,0,859000000,859000000,859000000,0,-139000000,1440000000,0,0,249000000,0,1301000000,21655000000,0,0,1170000000,1180000000,0,249000000,FY2009.FQ2,2
30,0.0,2009-11-03,2009-09,25.04,1153000000,19769000000,250000000,0.9,0.89,1926000000,0,-504000000,-137000000,0,1035000000,1035000000,1035000000,0,-137000000,1676000000,0,0,250000000,0,1539000000,21695000000,0,0,1153000000,1164000000,0,250000000,FY2009.FQ3,3
31,0.0,2010-02-10,2009-12,30.48,1147000000,7217000000,258000000,0.82,0.81,13975000000,0,-487000000,-144000000,0,944000000,944000000,944000000,0,-144000000,983000000,0,592000000,12992000000,0,1431000000,21192000000,0,0,1153000000,1164000000,0,12992000000,FY2009.FQ4,4
32,0.03,2010-05-05,2010-03,32.67,1133000000,17653000000,248000000,1.04,1.03,5367000000,0,-700000000,-125000000,0,1191000000,1191000000,1191000000,0,-125000000,1843000000,0,173000000,248000000,0,1891000000,23020000000,0,3276000000,1145000000,1156000000,0,3524000000,FY2010.FQ1,1
33,0.125,2010-08-05,2010-06,28.4,1115000000,17755000000,249000000,1.0,0.99,5360000000,0,-659000000,-119000000,0,1123000000,1123000000,1123000000,0,-119000000,1752000000,0,149000000,249000000,0,1782000000,23115000000,0,3359000000,1127000000,1135000000,0,3608000000,FY2010.FQ2,2
34,0.125,2010-11-03,2010-09,35.11,1099000000,17728000000,247000000,1.15,1.14,5804000000,0,-749000000,-119000000,0,1277000000,1277000000,1277000000,0,-119000000,2009000000,0,136000000,247000000,0,2026000000,23532000000,0,3548000000,1115000000,1124000000,0,3795000000,FY2010.FQ3,3
35,0.125,2011-02-10,2010-12,36.11,1086000000,17821000000,320000000,0.96,0.95,6667000000,0,-641000000,-118000000,0,1043000000,1043000000,1043000000,0,-118000000,2260000000,0,-458000000,320000000,0,1684000000,24488000000,0,4087000000,1093000000,1107000000,0,4407000000,FY2010.FQ4,4
36,0.125,2011-05-03,2011-03,45.2,1077000000,19324000000,270000000,1.24,1.22,5926000000,0,-757000000,-118000000,0,1346000000,1346000000,1346000000,0,-118000000,2039000000,0,182000000,270000000,0,2103000000,25250000000,0,3617000000,1086000000,1099000000,0,3887000000,FY2011.FQ1,1
37,0.163,2011-08-02,2011-06,51.58,1069000000,19132000000,270000000,1.18,1.16,5942000000,0,-713000000,-119000000,0,1267000000,1267000000,1267000000,0,-119000000,1939000000,0,160000000,270000000,0,1980000000,25074000000,0,3733000000,1075000000,1094000000,0,4003000000,FY2011.FQ2,2
38,0.163,2011-11-04,2011-09,46.12,1054000000,19017000000,294000000,1.19,1.17,6093000000,0,-670000000,-129000000,0,1271000000,1271000000,1271000000,0,-129000000,1900000000,0,170000000,294000000,0,1941000000,25110000000,0,3899000000,1065000000,1083000000,0,4193000000,FY2011.FQ3,3
39,0.163,2012-02-09,2011-12,50.68,1039000000,19244000000,290000000,1.19,1.17,7184000000,0,-677000000,-139000000,0,1258000000,1258000000,1258000000,0,-139000000,2586000000,0,-512000000,290000000,0,1935000000,26428000000,0,4308000000,1058000000,1075000000,0,4598000000,FY2011.FQ4,4
40,0.163,2012-05-03,2012-03,58.94,1033000000,20573000000,296000000,1.34,1.31,6709000000,0,-781000000,-148000000,0,1388000000,1388000000,1388000000,0,-148000000,2317000000,0,0,4392000000,0,2169000000,27282000000,0,0,1039000000,1060000000,0,4392000000,FY2012.FQ1,1
41,0.213,2012-08-07,2012-06,58.5,1024000000,20633000000,326000000,1.3,1.27,6632000000,0,-736000000,-153000000,0,1337000000,1337000000,1337000000,0,-153000000,2226000000,0,0,4406000000,0,2073000000,27265000000,0,0,1028000000,1049000000,0,4406000000,FY2012.FQ2,2
42,0.213,2012-10-30,2012-09,55.41,1012000000,20098000000,317000000,1.52,1.5,7204000000,0,-895000000,-158000000,0,1557000000,1557000000,1557000000,0,-158000000,2610000000,0,0,4594000000,0,2452000000,27302000000,0,0,1022000000,1039000000,0,4594000000,FY2012.FQ3,3
43,0.213,2013-02-07,2012-12,54.24,1019000000,21445000000,370000000,1.22,1.2,7324000000,0,-684000000,-173000000,0,1244000000,1244000000,1244000000,0,-173000000,2101000000,0,0,5223000000,0,1928000000,28769000000,0,0,1018000000,1037000000,0,5223000000,FY2012.FQ4,4
44,0.213,2013-05-06,2013-03,57.21,1013000000,23251000000,336000000,1.17,1.16,7089000000,-48000000,-721000000,-178000000,0,1192000000,1192000000,1240000000,0,-178000000,2139000000,0,0,4950000000,0,1961000000,30340000000,0,0,1016000000,1029000000,0,4950000000,FY2013.FQ1,1
45,0.28,2013-08-05,2013-06,65.48,1006000000,22842000000,340000000,1.42,1.4,7566000000,0,-789000000,-176000000,0,1436000000,1436000000,1436000000,0,-176000000,2401000000,0,0,5165000000,0,2225000000,30408000000,0,0,1009000000,1026000000,0,5165000000,FY2013.FQ2,2
46,0.28,2013-11-07,2013-09,71.61,998000000,22775000000,349000000,1.56,1.53,7849000000,0,-883000000,-178000000,0,1570000000,1570000000,1570000000,0,-178000000,2631000000,0,0,5218000000,0,2453000000,30624000000,0,0,1004000000,1024000000,0,5218000000,FY2013.FQ3,3
47,0.28,2014-02-12,2013-12,75.3,988000000,23682000000,350000000,1.44,1.41,7435000000,0,-849000000,-176000000,0,1427000000,1427000000,1427000000,0,-176000000,2452000000,0,0,4983000000,0,2276000000,31117000000,0,0,997000000,1014000000,0,4983000000,FY2013.FQ4,4
48,0.28,2014-05-06,2014-03,81.99,984000000,24100000000,360000000,1.12,1.1,7608000000,0,-795000000,-160000000,0,1099000000,1099000000,1099000000,0,-160000000,2054000000,0,0,5554000000,0,1894000000,31708000000,0,0,983000000,996000000,0,5554000000,FY2014.FQ1,1
49,0.375,2014-08-04,2014-06,81.75,973000000,24452000000,364000000,1.44,1.42,8122000000,0,-989000000,-155000000,0,1408000000,1408000000,1408000000,0,-155000000,2552000000,0,0,5570000000,0,2397000000,32574000000,0,0,979000000,991000000,0,5570000000,FY2014.FQ2,2
50,0.375,2014-11-10,2014-09,86.25,962000000,24047000000,373000000,1.65,1.63,8712000000,0,-1149000000,-152000000,0,1602000000,1602000000,1602000000,0,-152000000,2903000000,0,0,5809000000,0,2751000000,32759000000,0,0,969000000,982000000,0,5809000000,FY2014.FQ3,3
51,0.375,2015-02-10,2014-12,101.09,954000000,24860000000,381000000,1.58,1.55,8573000000,0,-1104000000,-151000000,0,1510000000,1510000000,1510000000,0,-151000000,2765000000,0,0,5808000000,0,2614000000,33433000000,0,0,957000000,974000000,0,5808000000,FY2014.FQ4,4
52,0.375,2015-05-06,2015-03,118.29,952000000,26904000000,378000000,1.48,1.46,8852000000,0,-1077000000,-150000000,0,1413000000,1413000000,1413000000,0,-150000000,2640000000,0,0,6212000000,0,2490000000,35756000000,0,0,954000000,969000000,0,6212000000,FY2015.FQ1,1
53,0.5,2015-07-29,2015-06,122.0,952000000,27251000000,379000000,1.66,1.64,9012000000,0,-1159000000,-151000000,0,1585000000,1585000000,1585000000,0,-151000000,2895000000,0,0,6117000000,0,2744000000,36263000000,0,0,952000000,966000000,0,6117000000,FY2015.FQ2,2
54,0.5,2015-11-05,2015-09,116.01,953000000,31841000000,452000000,1.68,1.65,9648000000,-21000000,-1171000000,-229000000,0,1597000000,1597000000,1618000000,0,-229000000,3018000000,0,0,6630000000,0,2789000000,41489000000,0,0,953000000,967000000,0,6630000000,FY2015.FQ3,3
55,0.5,2016-02-09,2015-12,117.64,953000000,34085000000,484000000,1.27,1.26,9514000000,-34000000,-956000000,-260000000,0,1218000000,1218000000,1252000000,0,-260000000,2468000000,0,0,7046000000,0,2208000000,43599000000,0,0,953000000,967000000,0,7046000000,FY2015.FQ4,4
56,0.5,2016-05-04,2016-03,128.9,954000000,34307000000,502000000,1.69,1.67,10220000000,-16000000,-1074000000,-259000000,0,1611000000,1611000000,1627000000,0,-259000000,2960000000,0,0,7260000000,0,2701000000,44527000000,0,0,953000000,967000000,0,7260000000,FY2016.FQ1,1
57,0.625,2016-08-02,2016-06,141.2,951000000,35978000000,511000000,1.84,1.81,10507000000,-6000000,-1172000000,-271000000,0,1754000000,1754000000,1760000000,0,-271000000,3203000000,0,0,7304000000,0,2932000000,46485000000,0,0,951000000,967000000,0,7304000000,FY2016.FQ2,2
58,0.625,2016-11-08,2016-09,140.0,952000000,35165000000,515000000,2.07,2.03,11128000000,-10000000,-1333000000,-269000000,0,1968000000,1968000000,1978000000,0,-269000000,3580000000,0,0,7548000000,0,3311000000,46293000000,0,0,952000000,969000000,0,7548000000,FY2016.FQ3,3
59,0.625,2017-02-08,2016-12,160.04,952000000,36004000000,527000000,2.0,1.96,11531000000,-24000000,-1211000000,-268000000,0,1684000000,1684000000,1708000000,0,-268000000,3187000000,0,0,8344000000,0,2919000000,47535000000,0,0,952000000,968000000,0,8344000000,FY2016.FQ4,4
60,0.625,2017-05-08,2017-03,164.01,965000000,37755000000,533000000,2.28,2.23,10968000000,-19000000,-939000000,-283000000,0,2172000000,2172000000,2191000000,0,-283000000,3413000000,0,0,7555000000,0,3130000000,48723000000,0,0,954000000,975000000,0,7555000000,FY2017.FQ1,1
61,0.75,2017-08-04,2017-06,185.42,965000000,38438000000,556000000,2.37,2.32,11615000000,-66000000,-1080000000,-301000000,0,2284000000,2284000000,2350000000,0,-301000000,3731000000,0,0,7884000000,0,3430000000,50053000000,0,0,964000000,985000000,0,7884000000,FY2017.FQ2,2
62,0.75,2017-11-07,2017-09,195.85,969000000,38269000000,578000000,2.57,2.51,12053000000,-76000000,-1233000000,-294000000,0,2485000000,2485000000,2561000000,0,-294000000,4088000000,0,0,7965000000,0,3794000000,50322000000,0,0,968000000,989000000,0,7965000000,FY2017.FQ3,3
63,0.75,2018-02-13,2017-12,220.46,969000000,39686000000,578000000,3.73,3.65,12375000000,-104000000,52000000,-308000000,0,3617000000,3617000000,3721000000,0,-308000000,3977000000,0,0,8398000000,0,3669000000,52061000000,0,0,970000000,991000000,0,8398000000,FY2017.FQ4,4
64,0.75,2018-05-07,2018-03,214.0,962000000,42047000000,582000000,2.94,2.87,13141000000,-88000000,-800000000,-329000000,0,2836000000,2836000000,2924000000,0,-329000000,4053000000,0,0,9088000000,0,3724000000,55188000000,0,0,966000000,987000000,0,9088000000,FY2018.FQ1,1
65,0.9,2018-08-07,2018-06,245.34,962000000,42898000000,598000000,3.04,2.98,13188000000,-88000000,-850000000,-344000000,0,2922000000,2922000000,3010000000,0,-344000000,4204000000,0,0,8984000000,0,3860000000,56086000000,0,0,961000000,982000000,0,8984000000,FY2018.FQ2,2
66,0.9,2018-11-08,2018-09,266.04,962000000,42876000000,611000000,3.31,3.24,13680000000,-96000000,-953000000,-353000000,0,3188000000,3188000000,3284000000,0,-353000000,4590000000,0,0,9090000000,0,4237000000,56556000000,0,0,962000000,983000000,0,9090000000,FY2018.FQ3,3
67,0.9,2019-02-12,2018-12,249.12,960000000,44580000000,637000000,3.16,3.1,13837000000,-124000000,-959000000,-374000000,0,3040000000,3040000000,3164000000,0,-374000000,4497000000,0,0,9340000000,0,4123000000,58417000000,0,0,963000000,980000000,0,9340000000,FY2018.FQ4,4
68,0.9,2019-05-07,2019-03,247.26,953000000,46320000000,639000000,3.62,3.56,13988000000,-90000000,-875000000,-400000000,0,3467000000,3467000000,3557000000,0,-400000000,4832000000,0,0,9156000000,0,4432000000,60308000000,0,0,958000000,975000000,0,9156000000,FY2019.FQ1,1
69,1.08,2019-08-07,2019-06,244.01,948000000,46782000000,654000000,3.47,3.42,13813000000,-92000000,-941000000,-418000000,0,3293000000,3293000000,3385000000,0,-418000000,4744000000,0,0,9069000000,0,4326000000,60595000000,0,0,950000000,964000000,0,9069000000,FY2019.FQ2,2
70,1.08,2019-11-06,2019-09,217.32,947000000,45668000000,709000000,3.73,3.67,14683000000,-91000000,-936000000,-449000000,0,3538000000,3538000000,3629000000,0,-449000000,5014000000,0,0,9669000000,0,4565000000,60351000000,0,0,949000000,963000000,0,9669000000,FY2019.FQ3,3
71,1.08,2020-02-14,2019-12,293.98,948000000,45787000000,718000000,3.73,3.68,15114000000,-127000000,-990000000,-437000000,0,3541000000,3541000000,3668000000,0,-437000000,5095000000,0,0,10019000000,0,4658000000,60901000000,0,0,948000000,963000000,0,10019000000,FY2019.FQ4,4
72,1.08,2020-05-06,2020-03,249.38,947000000,48687000000,723000000,3.56,3.52,15734000000,-83000000,-1094000000,-437000000,0,3382000000,3382000000,3465000000,0,-437000000,4996000000,0,0,10738000000,0,4559000000,64421000000,0,0,949000000,962000000,0,10738000000,FY2020.FQ1,1
73,1.25,2020-08-03,2020-06,294.95,950000000,42179000000,717000000,6.99,6.91,19959000000,-59000000,-2115000000,-430000000,0,6637000000,6637000000,6696000000,0,-430000000,9241000000,0,0,10718000000,0,8811000000,62138000000,0,0,949000000,960000000,0,10718000000,FY2020.FQ2,2
74,1.25,2020-11-02,2020-09,311.77,949000000,49571000000,719000000,3.34,3.3,15544000000,-84000000,-1000000000,-395000000,0,3172000000,3172000000,3256000000,0,-395000000,4651000000,0,0,10893000000,0,4256000000,65115000000,0,0,950000000,962000000,0,10893000000,FY2020.FQ3,3
75,1.25,2021-03-01,2020-12,350.68,946000000,49704000000,732000000,2.33,2.3,15763000000,-140000000,-764000000,-401000000,0,2212000000,2212000000,2352000000,0,-401000000,3517000000,0,0,12246000000,0,3116000000,65467000000,0,0,949000000,961000000,0,12246000000,FY2020.FQ4,4
76,1.25,2021-05-05,2021-03,372.07,944000000,52476000000,758000000,5.14,5.08,17720000000,-116000000,-1364000000,-397000000,0,4862000000,4862000000,4978000000,0,-397000000,6739000000,0,0,10981000000,0,6342000000,70196000000,0,0,945000000,957000000,0,10981000000,FY2021.FQ1,1
77,1.45,2021-08-03,2021-06,400.44,943000000,54206000000,778000000,4.52,4.46,17115000000,-106000000,-1196000000,-410000000,0,4266000000,4266000000,4372000000,0,-410000000,5978000000,0,0,11137000000,0,5568000000,71321000000,0,0,944000000,956000000,0,11137000000,FY2021.FQ2,2
78,1.45,2021-11-03,2021-09,390.74,942000000,55104000000,796000000,4.33,4.28,17233000000,-105000000,-1099000000,-422000000,0,4086000000,4086000000,4191000000,0,-422000000,5712000000,0,0,11521000000,0,5290000000,72337000000,0,0,943000000,955000000,0,11521000000,FY2021.FQ3,3
79,1.45,2022-02-15,2021-12,502.14,941000000,56159000000,771000000,4.33,4.26,17584000000,-120000000,-919000000,-431000000,0,4071000000,4071000000,4191000000,0,-431000000,5541000000,0,0,12043000000,0,5110000000,73743000000,0,0,940000000,956000000,0,12043000000,FY2021.FQ4,4
80,1.45,2022-05-04,2022-03,509.97,939000000,61010000000,788000000,5.34,5.27,19139000000,-121000000,-1369000000,-433000000,0,5027000000,5027000000,5148000000,0,-433000000,6950000000,0,0,12189000000,0,6517000000,80149000000,0,0,941000000,954000000,0,12189000000,FY2022.FQ1,1
81,1.65,2022-08-03,2022-06,513.63,935000000,60689000000,802000000,5.41,5.34,19643000000,-129000000,-1466000000,-467000000,0,5070000000,5070000000,5199000000,0,-467000000,7132000000,0,0,12511000000,0,6665000000,80332000000,0,0,937000000,950000000,0,12511000000,FY2022.FQ2,2
82,1.65,2022-11-02,2022-09,505.04,935000000,60941000000,828000000,5.63,5.55,19953000000,-122000000,-1562000000,-516000000,0,5262000000,5262000000,5384000000,0,-516000000,7462000000,0,0,12491000000,0,6946000000,80894000000,0,0,935000000,948000000,0,12491000000,FY2022.FQ3,3
83,1.65,2023-02-24,2022-12,530.18,934000000,61905000000,982000000,5.09,5.03,20882000000,-147000000,-1307000000,-676000000,0,4761000000,4761000000,4908000000,0,-676000000,6891000000,0,0,13991000000,0,6215000000,82787000000,0,0,934000000,947000000,0,13991000000,FY2022.FQ4,4
84,1.65,2023-05-03,2023-03,472.59,932000000,69250000000,970000000,6.01,5.95,22681000000,-163000000,-1558000000,-754000000,0,5611000000,5611000000,5774000000,0,-754000000,8086000000,0,0,14595000000,0,7332000000,91931000000,0,0,933000000,943000000,0,14595000000,FY2023.FQ1,1
85,1.88,2023-08-02,2023-06,480.64,927000000,70016000000,1021000000,5.89,5.82,22887000000,-183000000,-1572000000,-828000000,0,5474000000,5474000000,5657000000,0,-828000000,8057000000,0,0,14830000000,0,7229000000,92903000000,0,0,930000000,940000000,0,14830000000,FY2023.FQ2,2
86,1.88,2023-11-06,2023-09,504.19,925000000,68973000000,1007000000,6.31,6.24,23388000000,-197000000,-1654000000,-834000000,0,5841000000,5841000000,6038000000,0,-834000000,8526000000,0,0,14862000000,0,7692000000,92361000000,0,0,926000000,936000000,0,14862000000,FY2023.FQ3,3
87,1.88,2024-02-28,2023-12,526.47,924000000,72425000000,974000000,5.9,5.83,22002000000,-220000000,-1184000000,-830000000,0,5455000000,5455000000,5675000000,0,-830000000,7689000000,0,0,14313000000,0,6859000000,94427000000,0,0,922000000,932000000,0,14313000000,FY2023.FQ4,4
88,1.88,2024-05-09,2024-03,494.7,920000000,76791000000,997000000,-1.53,-1.53,23005000000,-188000000,-1222000000,-844000000,0,-1409000000,-1409000000,-1221000000,0,-844000000,7931000000,0,-7086000000,15074000000,0,1000000,99796000000,0,0,922000000,922000000,0,15074000000,FY2024.FQ1,1
89,2.1,2024-08-09,2024-06,509.26,921000000,76798000000,1020000000,4.58,4.54,22057000000,-205000000,-1244000000,-985000000,0,4216000000,4216000000,4421000000,0,-985000000,7875000000,0,-1225000000,14182000000,0,5665000000,98855000000,0,0,921000000,928000000,0,14182000000,FY2024.FQ2,2
90,2.1,2024-11-04,2024-09,584.68,923000000,77791000000,1041000000,6.56,6.51,23029000000,-203000000,-1356000000,-1074000000,0,6055000000,6055000000,6258000000,0,-1074000000,8708000000,0,-20000000,14321000000,0,7614000000,100820000000,0,0,923000000,930000000,0,14321000000,FY2024.FQ3,3
91,2.1,2025-02-27,2024-12,505.86,915000000,79499000000,1041000000,6.05,5.98,21308000000,-241000000,-1007000000,-1003000000,0,5543000000,5543000000,5784000000,0,-1003000000,7773000000,0,21000000,13535000000,0,6791000000,100807000000,0,0,918000000,926000000,0,13535000000,FY2024.FQ4,4
92,2.1,2025-05-07,2025-03,523.75,910000000,85801000000,1061000000,6.9,6.85,23774000000,-182000000,-1632000000,-998000000,0,6292000000,6292000000,6474000000,0,-998000000,9119000000,0,-15000000,14655000000,0,8106000000,109575000000,0,0,912000000,918000000,0,14655000000,FY2025.FQ1,1
