,dividends,original_filing_date,period_end_date,period_end_price,shares_eop,cogs,da_income_statement_supplemental,eps_basic,eps_diluted,gross_profit,income_allocated_to_minority_interest,income_tax,interest_expense,interest_income,net_income,net_income_available_to_shareholders,net_income_continuing,net_income_discontinued,net_interest_income_normal,operating_income,other_income_statement_items,other_nonoperating_income,other_opex,preferred_dividends,pretax_income,revenue,rnd,sga,shares_basic,shares_diluted,special_charges,total_opex,fiscal_quarter_key,fiscal_quarter_number
0,0.0,2001-10-26,2001-09,25.59,10771507000,884000000,282000000,0.12,0.11,5242000000,0,-604000000,0,0,1283000000,1283000000,1283000000,0,0,2897000000,0,-1010000000,0,0,1887000000,6126000000,1013000000,1332000000,10796000000,11134000000,0,2345000000,FY2002.FQ1,1
1,0.0,2002-02-08,2001-12,33.14,10806000000,1544000000,295000000,0.21,0.2,6197000000,0,-1074000000,0,0,2283000000,2283000000,2283000000,0,0,2841000000,0,516000000,0,0,3357000000,7741000000,1044000000,2312000000,10790000000,11112000000,0,3356000000,FY2002.FQ2,2
2,0.0,2002-04-30,2002-03,30.16,10830926000,1395000000,148000000,0.25,0.25,5850000000,0,-1288000000,0,0,2738000000,2738000000,2738000000,0,0,3298000000,0,728000000,0,0,4026000000,7245000000,1066000000,1486000000,10830000000,11129000000,0,2552000000,FY2002.FQ3,3
3,0.0,2002-09-06,2002-06,27.35,10718000000,1368000000,359000000,0.14,0.13,5885000000,0,-718000000,0,0,1525000000,1525000000,1525000000,0,0,2874000000,0,-631000000,0,0,2243000000,7253000000,1184000000,1827000000,10829000000,11049000000,0,3011000000,FY2002.FQ4,4
4,0.0,2002-11-14,2002-09,21.87,10692900000,1344000000,273000000,0.19,0.19,6402000000,0,-1006000000,0,0,2041000000,2041000000,2041000000,0,0,3028000000,0,19000000,0,0,3047000000,7746000000,1707000000,1667000000,10739000000,10933000000,0,3374000000,FY2003.FQ1,1
5,0.0,2003-01-31,2002-12,25.85,10701385000,2137000000,275000000,0.17,0.17,6404000000,0,-731000000,0,0,1865000000,1865000000,1865000000,0,0,2233000000,0,363000000,0,0,2596000000,8541000000,1515000000,2656000000,10703000000,10846000000,0,4171000000,FY2003.FQ2,2
6,0.08,2003-05-12,2003-03,24.21,10722000000,1274000000,419000000,0.2,0.2,6561000000,0,-1055000000,0,0,2142000000,2142000000,2142000000,0,0,2744000000,0,453000000,0,0,3197000000,7835000000,1692000000,2125000000,10715000000,10837000000,0,3817000000,FY2003.FQ3,3
7,0.0,2003-09-05,2003-06,25.64,10771000000,1304000000,426000000,0.14,0.14,6761000000,0,-731000000,0,0,1483000000,1483000000,1483000000,0,0,1540000000,0,674000000,0,0,2214000000,8065000000,1681000000,3540000000,10732000000,10738000000,0,5221000000,FY2003.FQ4,4
8,0.0,2003-11-13,2003-09,27.8,10805000000,1480000000,328000000,0.24,0.24,6735000000,0,-1287000000,0,0,2614000000,2614000000,2614000000,0,0,3148000000,0,753000000,0,0,3901000000,8215000000,1611000000,1976000000,10811000000,10885000000,0,3587000000,FY2004.FQ1,1
9,0.16,2004-02-06,2003-12,27.37,10789000000,2344000000,300000000,0.14,0.14,7809000000,0,-763000000,0,0,1549000000,1549000000,1549000000,0,0,1475000000,0,837000000,0,0,2312000000,10153000000,2971000000,3363000000,10810000000,10899000000,0,6334000000,FY2004.FQ2,2
10,0.0,2004-05-03,2004-03,24.93,10777000000,1411000000,249000000,0.12,0.12,7764000000,0,-964000000,0,0,1315000000,1315000000,1315000000,0,0,1278000000,0,1001000000,0,0,2279000000,9175000000,1538000000,4948000000,10785000000,10856000000,0,6486000000,FY2004.FQ3,3
11,0.0,2004-09-01,2004-06,28.8,10862000000,1481000000,309000000,0.25,0.25,7811000000,0,-1014000000,0,0,2690000000,2690000000,2690000000,0,0,3133000000,0,571000000,0,0,3704000000,9292000000,1659000000,3019000000,10824000000,10879000000,0,4678000000,FY2004.FQ4,4
12,0.08,2004-11-09,2004-09,27.79,10865000000,1405000000,183000000,0.23,0.23,7784000000,0,-1245000000,0,0,2528000000,2528000000,2528000000,0,0,3494000000,0,279000000,0,0,3773000000,9189000000,1530000000,2760000000,10873000000,10920000000,0,4290000000,FY2005.FQ1,1
13,0.08,2005-01-27,2004-12,26.72,10880222000,1922000000,108000000,0.32,0.32,8896000000,0,-1706000000,0,0,3463000000,3463000000,3463000000,0,0,4749000000,0,420000000,0,0,5169000000,10818000000,1437000000,2710000000,10877000000,10956000000,0,4147000000,FY2005.FQ2,2
14,0.08,2005-04-28,2005-03,24.17,10804353000,1363000000,282000000,0.24,0.23,8257000000,0,-1262000000,0,0,2563000000,2563000000,2563000000,0,0,3329000000,0,496000000,0,0,3825000000,9620000000,1482000000,3446000000,10856000000,10931000000,0,4928000000,FY2005.FQ3,3
15,0.08,2005-08-26,2005-06,24.84,10710000000,1388000000,282000000,0.34,0.34,8773000000,0,-161000000,0,0,3700000000,3700000000,3700000000,0,0,2989000000,0,872000000,0,0,3861000000,10161000000,1664000000,4120000000,10749000000,10822000000,0,5784000000,FY2005.FQ4,4
16,0.08,2005-10-27,2005-09,25.73,10644674000,1253000000,234000000,0.29,0.29,8488000000,0,-1411000000,0,0,3141000000,3141000000,3141000000,0,0,4046000000,0,506000000,0,0,4552000000,9741000000,1515000000,2927000000,10696000000,10772000000,0,4442000000,FY2006.FQ1,1
17,0.08,2006-01-26,2005-12,26.15,10384000000,2239000000,231000000,0.35,0.34,9598000000,0,-1484000000,0,0,3653000000,3653000000,3653000000,0,0,4657000000,0,480000000,0,0,5137000000,11837000000,1591000000,3350000000,10560000000,10638000000,0,4941000000,FY2006.FQ2,2
18,0.09,2006-04-27,2006-03,27.21,10225000000,2028000000,177000000,0.29,0.29,8872000000,0,-1338000000,0,0,2977000000,2977000000,2977000000,0,0,3888000000,0,427000000,0,0,4315000000,10900000000,1617000000,3367000000,10303000000,10415000000,0,4984000000,FY2006.FQ3,3
19,0.09,2006-08-25,2006-06,23.3,10062000000,2130000000,261000000,0.28,0.28,9674000000,0,-1430000000,0,0,2828000000,2828000000,2828000000,0,0,3881000000,0,377000000,0,0,4258000000,11804000000,1861000000,3932000000,10189000000,10243000000,0,5793000000,FY2006.FQ4,4
20,0.09,2006-10-26,2006-09,27.35,9820000000,1696000000,249000000,0.35,0.35,9115000000,0,-1563000000,0,0,3478000000,3478000000,3478000000,0,0,4474000000,0,567000000,0,0,5041000000,10811000000,1786000000,2855000000,9929000000,10010000000,0,4641000000,FY2007.FQ1,1
21,0.1,2007-01-25,2006-12,29.86,9777000000,3620000000,365000000,0.27,0.26,8922000000,0,-1179000000,0,0,2626000000,2626000000,2626000000,0,0,3472000000,0,333000000,0,0,3805000000,12542000000,1637000000,3813000000,9806000000,9942000000,0,5450000000,FY2007.FQ2,2
22,0.1,2007-04-26,2007-03,27.87,9566808000,2140000000,445000000,0.51,0.5,12258000000,0,-2045000000,0,0,4926000000,4926000000,4926000000,0,0,6589000000,0,382000000,0,0,6971000000,14398000000,1750000000,3919000000,9725000000,9862000000,0,5669000000,FY2007.FQ3,3
23,0.1,2007-08-03,2007-06,29.47,9375492000,3237000000,381000000,0.32,0.31,10134000000,0,-1249000000,0,0,3035000000,3035000000,3035000000,0,0,3903000000,0,381000000,0,0,4284000000,13371000000,1948000000,4283000000,9505000000,9679000000,0,6231000000,FY2007.FQ4,4
24,0.1,2007-10-25,2007-09,29.46,9355439000,2675000000,435000000,0.46,0.45,11087000000,0,-1927000000,0,0,4289000000,4289000000,4289000000,0,0,5918000000,0,298000000,0,0,6216000000,13762000000,1837000000,3332000000,9380000000,9513000000,0,5169000000,FY2008.FQ1,1
25,0.11,2008-01-24,2007-12,35.6,9329000000,3543000000,481000000,0.5,0.5,12824000000,0,-2113000000,0,0,4707000000,4707000000,4707000000,0,0,6481000000,0,339000000,0,0,6820000000,16367000000,1885000000,4458000000,9361000000,9503000000,0,6343000000,FY2008.FQ2,2
26,0.11,2008-04-24,2008-03,28.38,9313293000,2514000000,532000000,0.47,0.47,11940000000,0,-422000000,0,0,4388000000,4388000000,4388000000,0,0,4409000000,0,401000000,0,0,4810000000,14454000000,2035000000,5496000000,9307000000,9428000000,0,7531000000,FY2008.FQ3,3
27,0.11,2008-07-31,2008-06,27.51,9151000000,2866000000,608000000,0.47,0.46,12971000000,0,-1671000000,0,0,4297000000,4297000000,4297000000,0,0,5463000000,0,505000000,0,0,5968000000,15837000000,2407000000,5101000000,9265000000,9404000000,0,7508000000,FY2008.FQ4,4
28,0.11,2008-10-23,2008-09,26.69,8895573000,2848000000,585000000,0.48,0.48,12213000000,0,-1618000000,0,0,4373000000,4373000000,4373000000,0,0,5999000000,0,-8000000,0,0,5991000000,15061000000,2283000000,3931000000,9084000000,9183000000,0,6214000000,FY2009.FQ1,1
29,0.13,2009-01-22,2008-12,19.44,8890563000,3907000000,632000000,0.47,0.47,12722000000,0,-1464000000,0,175000000,4174000000,4174000000,4174000000,0,175000000,5939000000,0,-476000000,0,0,5638000000,16629000000,2290000000,4493000000,8903000000,8914000000,0,6783000000,FY2009.FQ2,2
30,0.13,2009-04-23,2009-03,18.37,8899720000,2814000000,664000000,0.33,0.33,10834000000,0,-1073000000,0,164000000,2977000000,2977000000,2977000000,0,164000000,4438000000,0,-552000000,0,0,4050000000,13648000000,2212000000,4184000000,8891000000,8904000000,0,6396000000,FY2009.FQ3,3
31,0.13,2009-07-30,2009-06,23.77,8908000000,2586000000,681000000,0.34,0.34,10513000000,0,-1097000000,-38000000,198000000,3045000000,3045000000,3045000000,0,160000000,3987000000,0,-5000000,0,0,4142000000,13099000000,2225000000,4301000000,8900000000,8960000000,0,6526000000,FY2009.FQ4,4
32,0.13,2009-10-23,2009-09,25.72,8900000000,2842000000,646000000,0.4,0.4,10078000000,0,-1191000000,-38000000,203000000,3574000000,3574000000,3574000000,0,165000000,4482000000,0,118000000,0,0,4765000000,12920000000,2065000000,3531000000,8914000000,8983000000,0,5596000000,FY2010.FQ1,1
33,0.13,2010-01-28,2009-12,30.48,8811000000,3628000000,615000000,0.75,0.74,15394000000,0,-2221000000,-38000000,197000000,6662000000,6662000000,6662000000,0,159000000,8513000000,0,211000000,0,0,8883000000,19022000000,2079000000,4802000000,8856000000,8951000000,0,6881000000,FY2010.FQ2,2
34,0.13,2010-04-22,2010-03,29.29,8762000000,2755000000,694000000,0.46,0.45,11748000000,0,-1335000000,-38000000,204000000,4006000000,4006000000,4006000000,0,166000000,5173000000,0,2000000,0,0,5341000000,14503000000,2220000000,4355000000,8767000000,8876000000,0,6575000000,FY2010.FQ3,3
35,0.13,2010-07-30,2010-06,23.01,8668000000,3170000000,718000000,0.52,0.51,12869000000,0,-1506000000,-641000000,0,4518000000,4518000000,4518000000,0,-641000000,5930000000,0,735000000,0,0,6024000000,16039000000,2350000000,4589000000,8714000000,8843000000,0,6939000000,FY2010.FQ4,4
36,0.13,2010-10-28,2010-09,24.49,8562000000,3139000000,694000000,0.63,0.62,13056000000,0,-1820000000,-45000000,210000000,5410000000,5410000000,5410000000,0,165000000,7116000000,0,-51000000,0,0,7230000000,16195000000,2196000000,3744000000,8614000000,8695000000,0,5940000000,FY2011.FQ1,1
37,0.16,2011-01-27,2010-12,27.91,8403000000,4833000000,663000000,0.78,0.77,15120000000,0,-1863000000,-72000000,205000000,6634000000,6634000000,6634000000,0,133000000,8165000000,0,199000000,0,0,8497000000,19953000000,2185000000,4770000000,8497000000,8570000000,0,6955000000,FY2011.FQ2,2
38,0.16,2011-04-28,2011-03,25.39,8431000000,3897000000,720000000,0.62,0.61,12531000000,0,-793000000,0,0,5232000000,5232000000,5232000000,0,0,5709000000,0,316000000,0,0,6025000000,16428000000,2269000000,4553000000,8420000000,8510000000,0,6822000000,FY2011.FQ3,3
39,0.16,2011-07-28,2011-06,26.0,8376000000,3708000000,689000000,0.7,0.68,13659000000,0,-445000000,0,0,5874000000,5874000000,5874000000,0,0,6171000000,0,148000000,0,0,6319000000,17367000000,2393000000,5095000000,8427000000,8545000000,0,7488000000,FY2011.FQ4,4
40,0.16,2011-10-20,2011-09,24.89,8410000000,3777000000,726000000,0.68,0.68,13595000000,0,-1568000000,-94000000,0,5738000000,5738000000,5738000000,0,-94000000,7203000000,0,197000000,0,0,7306000000,17372000000,2329000000,4063000000,8392000000,8490000000,0,6392000000,FY2012.FQ1,1
41,0.2,2012-01-19,2011-12,25.96,8382000000,5638000000,678000000,0.79,0.78,15247000000,0,-1615000000,-95000000,0,6624000000,6624000000,6624000000,0,-95000000,7994000000,0,340000000,0,0,8239000000,20885000000,2371000000,4882000000,8402000000,8465000000,0,7253000000,FY2012.FQ2,2
42,0.2,2012-04-19,2012-03,32.26,8400000000,3952000000,766000000,0.61,0.6,13455000000,0,-1255000000,-95000000,0,5108000000,5108000000,5108000000,0,-95000000,6374000000,0,84000000,0,0,6363000000,17407000000,2517000000,4564000000,8401000000,8498000000,0,7081000000,FY2012.FQ3,3
43,0.2,2012-07-26,2012-06,30.59,8381000000,4163000000,797000000,-0.06,-0.06,13896000000,0,-851000000,704000000,0,-492000000,-492000000,-492000000,0,704000000,6385000000,0,-6730000000,0,0,359000000,18059000000,2594000000,4917000000,8390000000,8518000000,0,7511000000,FY2012.FQ4,4
44,0.2,2012-10-18,2012-09,29.76,8422000000,4168000000,710000000,0.53,0.53,11840000000,0,-1068000000,-95000000,0,4466000000,4466000000,4466000000,0,-95000000,5308000000,0,321000000,0,0,5534000000,16008000000,2460000000,4072000000,8396000000,8494000000,0,6532000000,FY2013.FQ1,1
45,0.23,2013-01-24,2012-12,26.71,8374000000,5692000000,1009000000,0.76,0.76,15764000000,0,-1393000000,-105000000,0,6377000000,6377000000,6377000000,0,-105000000,7771000000,0,104000000,0,0,7770000000,21456000000,2528000000,5465000000,8393000000,8444000000,0,7993000000,FY2013.FQ2,2
46,0.23,2013-04-18,2013-03,28.61,8349000000,4787000000,1053000000,0.72,0.72,15702000000,0,-1548000000,-109000000,0,6055000000,6055000000,6055000000,0,-109000000,7612000000,0,100000000,0,0,7603000000,20489000000,2640000000,5450000000,8364000000,8429000000,0,8090000000,FY2013.FQ3,3
47,0.23,2013-07-30,2013-06,34.55,8328000000,5738000000,983000000,0.59,0.59,14158000000,0,-1180000000,557000000,0,4965000000,4965000000,4965000000,0,557000000,6073000000,0,-485000000,0,0,6145000000,19896000000,2783000000,5302000000,8345000000,8464000000,0,8085000000,FY2013.FQ4,4
48,0.23,2013-10-24,2013-09,33.28,8346000000,5145000000,954000000,0.63,0.62,13384000000,0,-1164000000,-118000000,0,5244000000,5244000000,5244000000,0,-118000000,6334000000,0,192000000,0,0,6408000000,18529000000,2767000000,4283000000,8339000000,8434000000,0,7050000000,FY2014.FQ1,1
49,0.28,2014-01-23,2013-12,37.41,8300000000,8322000000,1261000000,0.79,0.78,16197000000,0,-1320000000,-135000000,0,6558000000,6558000000,6558000000,0,-135000000,7969000000,0,44000000,0,0,7878000000,24519000000,2748000000,5480000000,8326000000,8395000000,0,8228000000,FY2014.FQ2,2
50,0.28,2014-04-24,2014-03,40.99,8260000000,5978000000,1255000000,0.68,0.68,14425000000,0,-1297000000,-175000000,0,5660000000,5660000000,5660000000,0,-175000000,6974000000,0,158000000,0,0,6957000000,20403000000,2743000000,4708000000,8284000000,8367000000,0,7451000000,FY2014.FQ3,3
51,0.28,2014-07-31,2014-06,41.7,8239000000,7633000000,1742000000,0.56,0.55,15749000000,0,-1965000000,714000000,0,4612000000,4612000000,4612000000,0,714000000,6609000000,0,-746000000,0,0,6577000000,23382000000,3123000000,6017000000,8245000000,8363000000,0,9140000000,FY2014.FQ4,4
52,0.28,2014-10-23,2014-09,46.36,8255000000,8273000000,1428000000,0.55,0.54,14928000000,0,-1356000000,-161000000,0,4540000000,4540000000,4540000000,0,-161000000,6984000000,0,-927000000,0,0,5896000000,23201000000,3065000000,4879000000,8249000000,8351000000,0,7944000000,FY2015.FQ1,1
53,0.31,2015-01-26,2014-12,46.45,8218000000,10136000000,1521000000,0.71,0.71,16334000000,0,-1987000000,-162000000,0,5863000000,5863000000,5863000000,0,-162000000,8019000000,0,-7000000,0,0,7850000000,26470000000,2903000000,5412000000,8228000000,8297000000,0,8315000000,FY2015.FQ2,2
54,0.31,2015-04-23,2015-03,40.66,8113000000,7161000000,1515000000,0.61,0.61,14568000000,0,-1532000000,-211000000,0,4985000000,4985000000,4985000000,0,-211000000,6784000000,0,-56000000,0,0,6517000000,21729000000,2984000000,4800000000,8167000000,8237000000,0,7784000000,FY2015.FQ3,3
55,0.31,2015-07-31,2015-06,44.15,8027000000,7468000000,1493000000,-0.4,-0.4,14712000000,0,-1439000000,519000000,0,-3195000000,-3195000000,-3195000000,0,519000000,6385000000,0,-8660000000,0,0,-1756000000,22180000000,3094000000,5233000000,8063000000,8137000000,0,8327000000,FY2015.FQ4,4
56,0.31,2015-10-22,2015-09,44.26,7986000000,7207000000,1461000000,0.61,0.61,13172000000,0,-611000000,-249000000,0,4902000000,4902000000,4902000000,0,-249000000,5793000000,0,-31000000,0,0,5513000000,20379000000,2962000000,4417000000,7996000000,8084000000,0,7379000000,FY2016.FQ1,1
57,0.36,2016-01-28,2015-12,55.48,7925000000,9872000000,1544000000,0.63,0.62,13924000000,0,-837000000,-309000000,0,5018000000,5018000000,5018000000,0,-309000000,6026000000,0,138000000,0,0,5855000000,23796000000,2900000000,4998000000,7964000000,8051000000,0,7898000000,FY2016.FQ2,2
58,0.36,2016-04-21,2016-03,55.23,7870000000,7722000000,1707000000,0.48,0.47,12809000000,0,-1280000000,-340000000,0,3756000000,3756000000,3756000000,0,-340000000,5283000000,0,93000000,0,0,5036000000,20531000000,2980000000,4546000000,7895000000,7985000000,0,7526000000,FY2016.FQ3,3
59,0.36,2016-07-28,2016-06,51.17,7808000000,7979000000,1910000000,0.4,0.39,18469000000,0,-2372000000,558000000,0,6863000000,6863000000,6863000000,0,558000000,10086000000,0,-1409000000,0,0,9235000000,26448000000,3146000000,5237000000,7844000000,7929000000,0,8383000000,FY2016.FQ4,4
60,0.36,2016-10-20,2016-09,57.6,7784000000,7844000000,1816000000,0.73,0.72,14084000000,0,-1160000000,-437000000,0,5667000000,5667000000,5667000000,0,-437000000,6715000000,0,549000000,0,0,6827000000,21928000000,3106000000,4263000000,7789000000,7876000000,0,7369000000,FY2017.FQ1,1
61,0.39,2017-01-26,2016-12,62.14,7730000000,9901000000,2166000000,0.81,0.8,15925000000,0,-1755000000,-521000000,0,6267000000,6267000000,6267000000,0,-521000000,7905000000,0,638000000,0,0,8022000000,25826000000,3062000000,4958000000,7755000000,7830000000,0,8020000000,FY2017.FQ2,2
62,0.39,2017-04-27,2017-03,65.86,7723000000,8060000000,2453000000,0.71,0.7,15152000000,0,-1608000000,-609000000,0,5486000000,5486000000,5486000000,0,-609000000,6723000000,0,980000000,0,0,7094000000,23212000000,3355000000,5074000000,7725000000,7813000000,0,8429000000,FY2017.FQ3,3
63,0.39,2017-08-02,2017-06,68.93,7708000000,8456000000,2343000000,0.84,0.83,17149000000,0,111000000,732000000,0,8069000000,8069000000,8069000000,0,732000000,7988000000,0,-762000000,0,0,7958000000,25605000000,3514000000,5647000000,7716000000,7808000000,0,9161000000,FY2017.FQ4,4
64,0.39,2017-10-26,2017-09,73.87,7720000000,8278000000,2499000000,0.85,0.84,16260000000,0,-1408000000,-672000000,473000000,6576000000,6576000000,6576000000,0,-199000000,7708000000,0,475000000,0,0,7984000000,24538000000,3574000000,4978000000,7708000000,7799000000,0,8552000000,FY2018.FQ1,1
65,0.42,2018-01-31,2017-12,85.54,7705000000,11064000000,2536000000,-0.82,-0.82,17854000000,0,-15471000000,-698000000,530000000,-6302000000,-6302000000,-6302000000,0,-168000000,8679000000,0,658000000,0,0,9169000000,28918000000,3504000000,5671000000,7710000000,7710000000,0,9175000000,FY2018.FQ2,2
66,0.42,2018-04-26,2018-03,91.27,7690000000,9269000000,2710000000,0.96,0.95,17550000000,0,-1217000000,-691000000,575000000,7424000000,7424000000,7424000000,0,-116000000,8292000000,0,465000000,0,0,8641000000,26819000000,3715000000,5543000000,7698000000,7794000000,0,9258000000,FY2018.FQ3,3
67,0.42,2018-08-03,2018-06,98.61,7677000000,9742000000,2516000000,1.15,1.14,20343000000,0,-1807000000,-672000000,636000000,8873000000,8873000000,8873000000,0,-36000000,10379000000,0,337000000,0,0,10680000000,30085000000,3933000000,6031000000,7682000000,7782000000,0,9964000000,FY2018.FQ4,4
68,0.42,2018-10-24,2018-09,114.37,7680000000,9905000000,2837000000,1.15,1.14,19179000000,0,-1397000000,-674000000,681000000,8824000000,8824000000,8824000000,0,7000000,9955000000,0,259000000,0,0,10221000000,29084000000,3977000000,5247000000,7673000000,7766000000,0,9224000000,FY2019.FQ1,1
69,0.46,2019-01-30,2018-12,101.57,7683000000,12423000000,2995000000,1.09,1.08,20048000000,0,-1965000000,-672000000,704000000,8420000000,8420000000,8420000000,0,32000000,10258000000,0,95000000,0,0,10385000000,32471000000,4070000000,5720000000,7692000000,7768000000,0,9790000000,FY2019.FQ2,2
70,0.46,2019-04-24,2019-03,117.94,7666000000,10170000000,2926000000,1.15,1.14,20401000000,0,-1677000000,-671000000,668000000,8809000000,8809000000,8809000000,0,-3000000,10341000000,0,148000000,0,0,10486000000,30571000000,4316000000,5744000000,7672000000,7744000000,0,10060000000,FY2019.FQ3,3
71,0.46,2019-08-01,2019-06,133.96,7643000000,10412000000,2924000000,1.72,1.71,23305000000,0,591000000,-669000000,709000000,13187000000,13187000000,13187000000,0,40000000,12405000000,0,151000000,0,0,12596000000,33717000000,4513000000,6387000000,7655000000,7735000000,0,10900000000,FY2019.FQ4,4
72,0.46,2019-10-23,2019-09,139.03,7634000000,10406000000,2971000000,1.4,1.38,22649000000,0,-2008000000,-637000000,724000000,10678000000,10678000000,10678000000,0,87000000,12686000000,0,-87000000,0,0,12686000000,33055000000,4565000000,5398000000,7634000000,7710000000,0,9963000000,FY2020.FQ1,1
73,0.51,2020-01-29,2019-12,157.7,7611000000,12358000000,3203000000,1.53,1.51,24548000000,0,-2436000000,-654000000,688000000,11649000000,11649000000,11649000000,0,34000000,13891000000,0,160000000,0,0,14085000000,36906000000,4603000000,6054000000,7621000000,7691000000,0,10657000000,FY2020.FQ2,2
74,0.51,2020-04-29,2020-03,157.71,7590000000,10975000000,3118000000,1.41,1.4,24046000000,0,-2091000000,-614000000,673000000,10752000000,10752000000,10752000000,0,59000000,12975000000,0,-191000000,0,0,12843000000,35021000000,4887000000,6184000000,7602000000,7675000000,0,11071000000,FY2020.FQ3,3
75,0.51,2020-07-31,2020-06,203.51,7571000000,12339000000,3504000000,1.48,1.46,25694000000,0,-2220000000,-686000000,595000000,11202000000,11202000000,11202000000,0,-91000000,13407000000,0,106000000,0,0,13422000000,38033000000,5214000000,7073000000,7583000000,7653000000,0,12287000000,FY2020.FQ4,4
76,0.51,2020-10-27,2020-09,210.33,7564000000,11002000000,2645000000,1.84,1.82,26152000000,0,-2231000000,-589000000,570000000,13893000000,13893000000,13893000000,0,-19000000,15876000000,0,267000000,0,0,16124000000,37154000000,4926000000,5350000000,7566000000,7637000000,0,10276000000,FY2021.FQ1,1
77,0.56,2021-01-26,2020-12,222.42,7546000000,14194000000,2761000000,2.05,2.03,28882000000,0,-2874000000,-571000000,545000000,15463000000,15463000000,15463000000,0,-26000000,17897000000,0,466000000,0,0,18337000000,43076000000,4899000000,6086000000,7555000000,7616000000,0,10985000000,FY2021.FQ2,2
78,0.56,2021-04-27,2021-03,235.77,7534000000,13045000000,2936000000,2.05,2.03,28661000000,0,-1779000000,-633000000,519000000,15457000000,15457000000,15457000000,0,-114000000,17048000000,0,302000000,0,0,17236000000,41706000000,5204000000,6409000000,7539000000,7597000000,0,11613000000,FY2021.FQ3,3
79,0.56,2021-07-29,2021-06,270.9,7519000000,13991000000,3344000000,2.19,2.17,32161000000,0,-2947000000,-553000000,497000000,16458000000,16458000000,16458000000,0,-56000000,19095000000,0,366000000,0,0,19405000000,46152000000,5687000000,7379000000,7526000000,7581000000,0,13066000000,FY2021.FQ4,4
80,0.56,2021-10-26,2021-09,281.92,7510000000,13646000000,3212000000,2.73,2.71,31671000000,0,-19000000,-539000000,520000000,20505000000,20505000000,20505000000,0,-19000000,20238000000,0,305000000,0,0,20524000000,45317000000,5599000000,5834000000,7513000000,7567000000,0,11433000000,FY2022.FQ1,1
81,0.62,2022-01-25,2021-12,336.32,7500000000,16960000000,3496000000,2.5,2.48,34768000000,0,-3750000000,-525000000,503000000,18765000000,18765000000,18765000000,0,-22000000,22247000000,0,290000000,0,0,22515000000,51728000000,5758000000,6763000000,7505000000,7555000000,0,12521000000,FY2022.FQ2,2
82,0.62,2022-04-26,2022-03,308.31,7483000000,15615000000,3773000000,2.23,2.22,33745000000,0,-3462000000,-503000000,519000000,16728000000,16728000000,16728000000,0,16000000,20364000000,0,-190000000,0,0,20190000000,49360000000,6306000000,7075000000,7493000000,7534000000,0,13381000000,FY2022.FQ3,3
83,0.62,2022-07-28,2022-06,256.83,7464000000,16429000000,3979000000,2.24,2.23,35436000000,0,-3747000000,-496000000,552000000,16740000000,16740000000,16740000000,0,56000000,20534000000,0,-103000000,0,0,20487000000,51865000000,6849000000,8053000000,7472000000,7504000000,0,14902000000,FY2022.FQ4,4
84,0.62,2022-10-25,2022-09,232.9,7457000000,15452000000,2790000000,2.35,2.35,34670000000,0,-4016000000,-500000000,641000000,17556000000,17556000000,17556000000,0,141000000,21518000000,0,-87000000,0,0,21572000000,50122000000,6628000000,6524000000,7457000000,7485000000,0,13152000000,FY2023.FQ1,1
85,0.68,2023-01-24,2022-12,239.82,7447000000,17488000000,3648000000,2.2,2.2,35259000000,0,-3914000000,-490000000,700000000,16425000000,16425000000,16425000000,0,210000000,20399000000,0,-270000000,0,0,20339000000,52747000000,6844000000,8016000000,7451000000,7473000000,0,14860000000,FY2023.FQ2,2
86,0.68,2023-04-25,2023-03,288.3,7437000000,16128000000,3549000000,2.46,2.45,36729000000,0,-4374000000,-496000000,748000000,18299000000,18299000000,18299000000,0,252000000,22352000000,0,69000000,0,0,22673000000,52857000000,6984000000,7393000000,7441000000,7464000000,0,14377000000,FY2023.FQ3,3
87,0.68,2023-07-27,2023-06,340.54,7432000000,16795000000,3874000000,2.7,2.69,39394000000,0,-4646000000,-482000000,905000000,20081000000,20081000000,20081000000,0,423000000,24254000000,0,50000000,0,0,24727000000,56189000000,6739000000,8401000000,7434000000,7466000000,0,15140000000,FY2023.FQ4,4
88,0.68,2023-10-24,2023-09,315.75,7431000000,16302000000,3921000000,3.0,2.99,40215000000,0,-4993000000,-525000000,1166000000,22291000000,22291000000,22291000000,0,641000000,26895000000,0,-252000000,0,0,27284000000,56517000000,6659000000,6661000000,7429000000,7462000000,0,13320000000,FY2024.FQ1,1
89,0.75,2024-01-30,2023-12,376.04,7431612000,19623000000,5959000000,2.94,2.93,42397000000,0,-4656000000,-909000000,734000000,21870000000,21870000000,21870000000,0,-175000000,27032000000,0,-331000000,0,0,26526000000,62020000000,7142000000,8223000000,7432000000,7468000000,0,15365000000,FY2024.FQ2,2
90,0.75,2024-04-25,2024-03,420.72,7432306000,18505000000,6027000000,2.95,2.94,43353000000,0,-4788000000,-800000000,619000000,21939000000,21939000000,21939000000,0,-181000000,27581000000,0,-673000000,0,0,26727000000,61858000000,7653000000,8119000000,7431000000,7472000000,0,15772000000,FY2024.FQ3,3
91,0.75,2024-07-30,2024-06,446.95,7434139000,19684000000,6380000000,2.96,2.95,45043000000,0,-5214000000,-701000000,638000000,22036000000,22036000000,22036000000,0,-63000000,27925000000,0,-612000000,0,0,27250000000,64727000000,8056000000,9062000000,7431000000,7475000000,0,17118000000,FY2024.FQ4,4
92,0.75,2024-10-30,2024-09,430.3,7436000000,20099000000,7383000000,3.32,3.3,45486000000,0,-5602000000,-582000000,681000000,24667000000,24667000000,24667000000,0,99000000,30552000000,0,-382000000,0,0,30269000000,65585000000,7544000000,7390000000,7433000000,7470000000,0,14934000000,FY2025.FQ1,1
93,0.83,2025-01-29,2024-12,421.5,7435257000,21799000000,6827000000,3.24,3.23,47833000000,0,-5257000000,-594000000,600000000,24108000000,24108000000,24108000000,0,6000000,31653000000,0,-2294000000,0,0,29365000000,69632000000,7917000000,8263000000,7435000000,7468000000,0,16180000000,FY2025.FQ2,2
94,0.83,2025-04-30,2025-03,375.39,7433982000,21919000000,8740000000,3.47,3.46,48147000000,0,-5553000000,-594000000,597000000,25824000000,25824000000,25824000000,0,3000000,32000000000,0,-626000000,0,0,31377000000,70066000000,8198000000,7949000000,7434000000,7461000000,0,16147000000,FY2025.FQ3,3
