,dividends,original_filing_date,period_end_date,period_end_price,shares_eop,cogs,da_income_statement_supplemental,eps_basic,eps_diluted,gross_profit,income_allocated_to_minority_interest,income_tax,interest_expense,interest_income,net_income,net_income_available_to_shareholders,net_income_continuing,net_income_discontinued,net_interest_income_normal,operating_income,other_income_statement_items,other_nonoperating_income,other_opex,preferred_dividends,pretax_income,revenue,rnd,sga,shares_basic,shares_diluted,special_charges,total_opex,fiscal_year_key,fiscal_year_number
0,0.0,2001-10-15,2001-08,37.61,598400000,3898800000,1114400000,-1.05,-1.05,37100000,-7700000,446000000,0,0,-625000000,-625000000,-513500000,-103800000,0,-1050100000,0,90600000,73600000,0,-959500000,3935900000,489500000,524100000,592400000,592400000,0,1087200000,FY2001,2001
1,0.0,2002-10-15,2002-08,17.25,602900000,2699600000,1177400000,-1.51,-1.51,-110600000,0,91500000,0,0,-907000000,-907000000,-907000000,0,0,-1025300000,0,26800000,21100000,0,-998500000,2589000000,561300000,332300000,601500000,601500000,0,914700000,FY2002,2002
2,0.0,2003-10-15,2003-08,14.36,609900000,3112000000,1209900000,-2.11,-2.11,-20700000,0,-73000000,0,0,-1273200000,-1273200000,-1273200000,0,0,-1077300000,0,-122900000,0,0,-1200200000,3091300000,656400000,400200000,607500000,607500000,0,1056600000,FY2003,2003
3,0.0,2004-10-15,2004-08,11.51,611500000,3090000000,1218000000,0.25,0.24,1314000000,0,-75000000,0,0,157000000,157000000,157000000,0,0,226000000,0,6000000,0,0,232000000,4404000000,755000000,333000000,640300000,654167000,0,1088000000,FY2004,2004
4,0.0,2005-11-04,2005-08,11.91,616200000,3734000000,1265000000,0.3,0.29,1146000000,0,-11000000,0,0,188000000,188000000,188000000,0,0,217000000,0,-18000000,-1000000,0,199000000,4880000000,604000000,326000000,647100000,648276000,0,929000000,FY2005,2005
5,0.0,2006-11-08,2006-08,17.28,749400000,4072000000,1281000000,0.59,0.57,1200000000,-7000000,-18000000,0,0,408000000,408000000,415000000,0,0,349000000,0,84000000,-265000000,0,433000000,5272000000,656000000,460000000,691700000,725100000,0,851000000,FY2006,2006
6,0.0,-,2007-08,11.45,757900000,4610000000,1718000000,-0.42,-0.42,1078000000,-122000000,-30000000,0,0,-320000000,-320000000,-198000000,0,0,-261000000,0,93000000,-76000000,0,-168000000,5688000000,805000000,610000000,769100000,769100000,0,1339000000,FY2007,2007
7,0.0,2009-10-28,2008-08,4.24,761100000,5896000000,2060000000,-2.1,-2.1,-55000000,10000000,-18000000,-82000000,79000000,-1619000000,-1619000000,-1629000000,0,-3000000,-1099000000,0,-509000000,-91000000,0,-1611000000,5841000000,680000000,455000000,772500000,772500000,0,1044000000,FY2008,2008
8,0.0,2009-10-28,2009-08,7.37,848700000,5243000000,2186000000,-2.35,-2.35,-440000000,111000000,-1000000,-182000000,22000000,-1882000000,-1882000000,-1853000000,0,-160000000,-1548000000,-140000000,-144000000,107000000,0,-1852000000,4803000000,647000000,354000000,800700000,800700000,0,1108000000,FY2009,2009
9,0.0,2010-10-26,2010-08,6.46,994500000,5768000000,1922000000,2.09,1.85,2714000000,-50000000,19000000,-178000000,18000000,1850000000,1850000000,1939000000,0,-160000000,1562000000,-39000000,518000000,0,0,1920000000,8482000000,624000000,528000000,887500000,1050700000,0,1152000000,FY2010,2010
10,0.0,2011-10-25,2011-08,5.91,984300000,7030000000,2105000000,0.17,0.17,1758000000,-23000000,-203000000,-124000000,23000000,167000000,167000000,348000000,0,-101000000,669000000,-158000000,-17000000,-294000000,0,551000000,8788000000,791000000,592000000,988000000,1007500000,0,1089000000,FY2011,2011
11,0.0,2012-10-29,2012-08,6.21,1017700000,7266000000,2141000000,-1.04,-1.04,968000000,-1000000,17000000,-179000000,8000000,-1032000000,-1032000000,-737000000,0,-171000000,-597000000,-294000000,14000000,27000000,0,-754000000,8234000000,918000000,620000000,991000000,991000000,0,1565000000,FY2012,2012
12,0.0,2013-10-28,2013-08,13.57,1044400000,7226000000,1804000000,1.16,1.13,1847000000,-4000000,-8000000,-231000000,14000000,1190000000,1190000000,1277000000,0,-217000000,359000000,-83000000,1143000000,-5000000,0,1285000000,9073000000,931000000,562000000,1022000000,1057000000,0,1488000000,FY2013,2013
13,0.0,2014-10-27,2014-08,32.6,1073000000,10921000000,2103000000,2.87,2.54,5437000000,-34000000,-128000000,-352000000,23000000,3045000000,3045000000,2605000000,0,-329000000,3370000000,474000000,-308000000,-11000000,0,2733000000,16358000000,1371000000,707000000,1060000000,1198000000,0,2067000000,FY2014,2014
14,0.0,2015-10-27,2015-08,16.41,1084000000,10977000000,2667000000,2.71,2.47,5215000000,0,-157000000,-371000000,35000000,2899000000,2899000000,2452000000,0,-336000000,2984000000,447000000,-39000000,-28000000,0,2609000000,16192000000,1540000000,719000000,1070000000,1170000000,0,2231000000,FY2015,2015
15,0.0,2016-10-28,2016-08,16.49,1040000000,9894000000,2980000000,-0.27,-0.27,2505000000,-1000000,-19000000,-437000000,42000000,-276000000,-276000000,-300000000,0,-395000000,231000000,25000000,-117000000,-2000000,0,-281000000,12399000000,1617000000,659000000,1036000000,1036000000,0,2274000000,FY2016,2016
16,0.0,2017-10-26,2017-08,31.97,1112000000,11886000000,3861000000,4.67,4.41,8436000000,-1000000,-114000000,-601000000,41000000,5089000000,5089000000,5082000000,0,-560000000,5864000000,8000000,-108000000,5000000,0,5196000000,20322000000,1824000000,743000000,1089000000,1154000000,0,2572000000,FY2017,2017
17,0.0,2018-10-15,2018-08,52.52,1161000000,12500000000,4759000000,12.27,11.51,17891000000,-3000000,-168000000,-342000000,120000000,14135000000,14135000000,14139000000,0,-222000000,14926000000,-1000000,-397000000,11000000,0,14307000000,30391000000,2141000000,813000000,1152000000,1229000000,0,2965000000,FY2018,2018
18,0.0,2019-10-17,2019-08,45.27,1106000000,12704000000,5424000000,5.67,5.51,10702000000,-45000000,-693000000,-128000000,205000000,6313000000,6313000000,6355000000,0,77000000,7390000000,3000000,-419000000,35000000,0,7048000000,23406000000,2441000000,836000000,1114000000,1143000000,0,3312000000,FY2019,2019
19,0.0,2020-10-19,2020-08,45.51,1113000000,14883000000,5650000000,2.42,2.37,6552000000,-23000000,-280000000,-194000000,114000000,2687000000,2687000000,2703000000,0,-80000000,3060000000,7000000,3000000,11000000,0,2983000000,21435000000,2600000000,881000000,1110000000,1131000000,0,3492000000,FY2020,2020
20,0.0,2021-10-08,2021-08,73.7,1119000000,17282000000,6214000000,5.23,5.14,10423000000,0,-394000000,-183000000,37000000,5861000000,5861000000,5824000000,0,-146000000,6747000000,37000000,-383000000,119000000,0,6218000000,27705000000,2663000000,894000000,1120000000,1141000000,0,3676000000,FY2021,2021
21,0.415,2022-10-07,2022-08,56.53,1094000000,16860000000,7116000000,7.81,7.75,13898000000,0,-888000000,-189000000,96000000,8687000000,8687000000,8683000000,0,-93000000,9709000000,4000000,-45000000,7000000,0,9571000000,30758000000,3116000000,1066000000,1112000000,1122000000,0,4189000000,FY2022,2022
22,0.46,2023-10-06,2023-08,69.94,1098000000,16956000000,7756000000,-5.34,-5.34,-1416000000,0,-177000000,-388000000,468000000,-5833000000,-5833000000,-5835000000,0,80000000,-5459000000,2000000,-279000000,9000000,0,-5658000000,15540000000,3114000000,920000000,1093000000,1093000000,0,4043000000,FY2023,2023
23,0.46,2024-10-04,2024-08,96.24,1108841000,19498000000,7780000000,0.7,0.7,5613000000,0,-451000000,-562000000,529000000,778000000,778000000,789000000,0,-33000000,1246000000,-11000000,27000000,-192000000,0,1240000000,25111000000,3430000000,1129000000,1105000000,1118000000,0,4367000000,FY2024,2024
